=LDR  01049nam a2200289Ki 4500
=008  130515s1860\\\\ie\g\\\\o\\\\\000\0\eng\d
=041  1\$aenggle$hgle
=043  \\$ae-ie---
=090  \\$aPB1395.M7$bM3 1860eb
=245  04$aThe poets and poetry of Munster$h[electronic resource] :$ba selection of Irish songs by the poets of the last century /$cwith poetical translations by James Clarence Mangan ; biographical sketches of the authors by John O'Daly.
=250  \\$a3rd ed.
=260  \\$aDublin :$bJ. O'Daly,$c1860.
=300  \\$a290 p. :$bmusic ;$c16 cm.
=650  \0$aIrish poetry$zIreland$zMunster$xTranslations into English.
=650  \0$aSongs, Irish$zIreland$zMunster$xTranslations into English.
=651  \0$aMunster (Ireland)$vPoetry.
=700  1\$aMangan, James Clarence,$d1803-1849
=006  m        d        
=007  cr uuu---uuuuu
=040  \\$aBXM$cBXM
=533  \\$aElectronic reproduction.$bSan Francisco, Calif. :$cOpen Content Alliance,$d2013.$nMode of access: Internet.
=776  18$cOriginal$w(Alma)99100743450001021$w(OCoLC)ocm44429503
=940  \\$aOCA

