=LDR  02322nam a2200481Ki 4500
=008  130515m19021914enk\\\\\o\\\\\000\0\eng\\
=041  0\$aenggle
=043  \\$ae-ie---
=090   4$aDA930$b.K4 1902eb
=090   0$aPB1353$b.I6 vol. 4, 8-9 1902eb
=082  04$a941.51
=100  1\$aKeating, Geoffrey,$d1570?-1644?
=245  14$aThe history of Ireland$h[electronic resource] /$cby Geoffrey Keating, D.D., ed. with translation and notes by David Comyn [and Patrick S. Dinneen].
=260  \\$aLondon :$bPublished for the Irish texts Society by D. Nutt,$c1902-14.
=300  \\$a4 v. ;$c23 cm.
=490  1\$aPublications - Irish Texts Society ;$v4, 8, 9, 15
=500  \\$aVol. 1, edited by David Comyn; v. 2-4, by Rev. Patrick S. Dinneen.
=500  \\$aIrish and English on opposite pages.
=505  0\$aI. Containing the Introduction and the first book of the history. 1902.--II. Containing the first book of the history from sect. XV to the end. 1908.--III. Containing the second book of the history. 1908.--IV. Containing the genealogies and synchronisms, with an index which includes the elucidation of place names and annotations to text of Vols. I. II. III. 1914.
=650  07$aGeschichte.$2swd
=651  \0$aIreland$xHistory$yTo 1172.
=651  \7$aIrland$2swd
=700  1\$aComyn, David,$d1854-1907,$eed.
=700  1\$aDinneen, Patrick S.$q(Patrick Stephen),$d1860-1934,$eed.
=776  08$iOnline version:$aKeating, Geoffrey, 1570?-1644?$tHistory of Ireland.$dLondon, Published for the Irish texts Society by D. Nutt, 1902-14$w(OCoLC)603333924
=776  08$iOnline version:$aKeating, Geoffrey, 1570?-1644?$tHistory of Ireland.$dLondon, Published for the Irish texts Society by D. Nutt, 1902-14$w(OCoLC)610030802
=810  2\$aIrish Texts Society$n(4,8,9,15)
=830  \0$aIrish Texts Society (Series) ;$vv. 4, 8, 9, 15.
=938  \\$aKirtas Technologies, Inc.$bKRTS$n508556
=006  m        d        
=007  cr uuu---uuuuu
=040  \\$aBXM$cBXM
=533  \\$aElectronic reproduction.$bSan Francisco, Calif. :$cOpen Content Alliance,$d2013.$nMode of access: Internet.
=776  18$cOriginal$w(Alma)99101303260001021$w(OCoLC)ocm01697855
=940  \\$aOCA

