=LDR  01254nam a2200277Ki 4500
=008  130515s1913\\\\ie\acfg\o\\\\\000\0dgle\d
=090  \\$aPB1399.B67$bS45 1913eb
=100  1\$aBreathnach, Micheál,$d1881-1908.
=245  10$aSlioċt de sgríoḃinniḃ Ṁíċíl Ḃreaṫnaiġ$h[electronic resource] :$bmaille le n-a ḃeaṫaiḋ /$cTomás Mac Doṁnaill do sgríoḃ.
=246  3\$aSliocht de sgríbhinnibh Mhíchíl Bhreathnaigh
=260  \\$aBaile Áṫa Cliaṫ :$bM.H. Guill agus a Ṁac,$c1913.
=300  \\$axxxviii, 123 p., [4] leaves of plates :$bill., music, ports. ;$c19 cm.
=505  0\$aRéaṁḟocal.--Beaṫa Ṁíċíl Ḃreaṫnaiġ.--Seilg i measg na nAlp.--Lean lorg na laoċra.--An triúr amadán.--An céad lá ar meallaḋ mé ó'n sgoil.--Seilg na meaḋon oiḋċe.--Sgéala ó'n doṁan ṫoir.--Coṁráḋ cois teineaḋ.--Óráideaċt.--Litreaċa.--Filiḋeaċt.
=600  10$aBreathnach, Micheál,$d1881-1908.
=700  12$aMac Domhnaill, Tomás.
=006  m        d        
=007  cr uuu---uuuuu
=040  \\$aBXM$cBXM
=533  \\$aElectronic reproduction.$bSan Francisco, Calif. :$cOpen Content Alliance,$d2013.$nMode of access: Internet.
=776  18$cOriginal$w(Alma)99101651650001021$w(OCoLC)ocm06999192
=940  \\$aOCA

