=LDR  01169nam a2200337Ki 4500
=008  130515s1892\\\\enk\\\\\o\\\\\000\1\iri\\
=041  0\$airieng
=090   \$aPB1347$b.O5 1892eb
=100  1\$aO'Grady, Standish Hayes,$d1832-1915$eed. and tr.
=245  10$aSilva gadelica (I-XXXI)$h[electronic resource] :$ba collection of tales in Irish with extracts illustrating persons and places /$ced. from mss. and tr. by Standish H. O'Grady.
=260  \\$aLondon :$bWilliams and Norgate,$c1892.
=300  \\$a2 v. ;$c26 cm.
=500  \\$aIncludes hagiology, legend, Ossianic lore, and fiction.
=505  0\$av. 1. Irish text.--v. 2. Translation and notes.
=650  \0$aIrish literature.
=650  \0$aFolklore$zIreland.
=650  \0$aIrish literature$vTranslations into English$xTranslations into English.
=650  \0$aEnglish literature.
=650  \0$aTales$zIreland.
=006  m        d        
=007  cr uuu---uuuuu
=040  \\$aBXM$cBXM
=533  \\$aElectronic reproduction.$bSan Francisco, Calif. :$cOpen Content Alliance,$d2013.$nMode of access: Internet.
=776  18$cOriginal$w(Alma)99101659880001021$w(OCoLC)ocm02503575
=940  \\$aOCA

