=LDR  01077nam a2200301Ki 4500
=008  130515s1917\\\\enka\\\\o\\\\\000\0\eng\\
=090   \$aPB53$b.P3 1917eb
=090  \\$aPB35$b.P2 1917eb
=100  1\$aPalmer, Harold E.,$d1877-1949.
=245  14$aThe scientific study & teaching of languages$h[electronic resource] :$ba review of the factors and problems connected with the learning and teaching of modern languages, with an analysis of the various methods which may be adopted in order to attain satisfactory results /$cby Harold E. Palmer.
=260  \\$aLondon :$bG. Harrap & company,$c1917.
=300  \\$a328 p. :$bfold. diagrs. ;$c24 cm.
=650  \0$aLanguages, Modern$xStudy and teaching.
=006  m        d        
=007  cr uuu---uuuuu
=040  \\$aBXM$cBXM
=533  \\$aElectronic reproduction.$bSan Francisco, Calif. :$cOpen Content Alliance,$d2013.$nMode of access: Internet.
=776  18$cOriginal$w(Alma)99102841990001021$w(OCoLC)ocm05512766
=940  \\$aOCA
=856  40$uhttp://www.archive.org/details/scientificstudyt00palm

