=LDR  01234nam a2200313Ki 4500
=008  130515s1895\\\\ie\\\\\\o\\\\\000\1\gle\d
=041  1\$agle$aeng$hgle
=090  \\$aPB1397$b.T752 1895eb
=130  0\$aTóruigheacht Dhiarmada agus Ghráinne.$lIrish & English.
=245  10$aTóruiġeaċt Ḋiarmuda agus Ġráinne =$bThe pursuit of Diarmuid and Grainne /$cre-edited for the Society for the Preservation of the Irish Language, with notes, and a complete vocabulary by Richard J. O'Duffy.
=246  31$aPursuit of Diarmuid and Grainne
=250  \\$aNew and enl. ed.
=260  \\$aDublin :$bM.H. Gill,$c1895.
=300  \\$a2 v. in 1 ;$c16 cm.
=500  \\$aText in Irish with English translation, introduction, and notes.
=500  \\$aPt. 2 introduction signed "S. H. O'G.," Standish Hayes O'Grady.
=600  00$aFinn MacCumhaill,$d3rd cent.
=650  \0$aEpic literature, Irish.
=700  1\$aO'Duffy, Richard J.
=700  1\$aO'Grady, Standish Hayes,$d1832-1915.
=006  m        d        
=007  cr uuu---uuuuu
=040  \\$aBXM$cBXM
=533  \\$aElectronic reproduction.$bSan Francisco, Calif. :$cOpen Content Alliance,$d2013.$nMode of access: Internet.
=776  18$cOriginal$w(Alma)99103576250001021$w(OCoLC)ocm56983699
=940  \\$aOCA

