=LDR  00876nam a2200289Ki 4500
=008  130515s1873\\\\nyu\\\\\o\\\\\000\0\eng\d
=090  \\$aPB1223$b.B7x 1873eb
=100  1\$aBourke, Ulick J.$q(Ulick Joseph),$d1829-1887.
=245  10$aEasy lessons$h[electronic resource] :$bor, Self-instruction in Irish /$cby Ulick J. Bourke.
=246  3\$aSelf-instruction in Irish
=260  \\$aNew York :$bHaverty,$c1873.
=300  \\$a390 p. ;$c19 cm.
=650  \0$aIrish language$xGrammar.
=650  \0$aIrish language$xSelf-instruction.
=650  \0$aIrish language$vReaders.
=006  m        d        
=007  cr uuu---uuuuu
=040  \\$aBXM$cBXM
=533  \\$aElectronic reproduction.$bSan Francisco, Calif. :$cOpen Content Alliance,$d2013.$nMode of access: Internet.
=776  18$cOriginal$w(Alma)99103689760001021$w(OCoLC)ocm03386677
=940  \\$aOCA
=856  40$uhttp://www.archive.org/details/easylessonsorself00bour

