=LDR  00967nam a2200253Ki 4500
=008  130515s1863\\\\enkd\\\\ob\\\\001\0\eng\d
=041  1\$aeng$hger
=090  \\$aPB1283$b.E35 1863eb
=100  1\$aEbel, Hermann Wilhelm,$d1820-1875.
=245  10$aCeltic studies$bfrom the German /$cof Dr. Hermann Ebel, with an introduction on roots, stems, and derivatives, and on case-endings of nouns in the Indo-European languages by William K. Sullivan ...
=260  \\$aLondon ;$aEdinburgh :$bWilliams and Norgate,$c1863.
=300  \\$axxviii, [3]-221, [1] p. :$bfold. chart. ;$c23 cm.
=504  \\$aIncludes bibliographical references and indexes.
=650  \0$aCeltic languages.
=700  1\$aSullivan, W. K.$q(William Kirby),$d1821-1890.
=006  m        d        
=007  cr uuu---uuuuu
=040  \\$aBXM$cBXM
=533  \\$aElectronic reproduction.$bSan Francisco, Calif. :$cOpen Content Alliance,$d2013.$nMode of access: Internet.
=776  18$cOriginal$w(Alma)99104851590001021$w(OCoLC)ocm15242013
=940  \\$aOCA
=856  40$uhttp://www.archive.org/details/celticstudiesfro00ebel

