=LDR  01232nam a2200337Ki 4500
=008  130515s1852\\\\ie\\\\\\o\\\\\001\1\gle\d
=043  \\$ae-ie---
=090   4$aPB1398$b.O4 1852eb
=100  1\$aO'Daly, Aengus,$dd. 1617.
=245  14$aThe tribes of Ireland$h[electronic resource] :$ba satire /$cby Aenghus O'Daly ; with poetical translation by the late James Clarence Mangan ; together with an historical account of the family of O'Daly ; and an introduction to the history of satire in Ireland by John O'Donovan.
=260  \\$aDublin :$bJ. O'Daly,$c1852.
=300  \\$a112 p. ;$c23 cm.
=500  \\$aIrish and English on opposite pages.
=500  \\$aIncludes index.
=530  \\$aAlso issued online.
=600  30$aDaly family.
=651  \0$aIreland$xHistory$vSources.
=700  1\$aMangan, James Clarence,$d1803-1849.
=700  1\$aO'Donovan, John,$d1809-1861.
=938  \\$aKirtas Technologies, Inc.$bKRTS$n303945
=006  m        d        
=007  cr uuu---uuuuu
=040  \\$aBXM$cBXM
=533  \\$aElectronic reproduction.$bSan Francisco, Calif. :$cOpen Content Alliance,$d2013.$nMode of access: Internet.
=776  18$cOriginal$w(Alma)99105155140001021$w(OCoLC)ocm03992278
=940  \\$aOCA

