=LDR  00735nam a2200229Ki 4500
=008  130515s1909\\\\ie\\\\\\o\\\\\000\0\eng\d
=090  \\$aPB1281$b.M4 1909eb
=100  1\$aMeyer, Kuno,$d1858-1919.
=245  12$aA primer of Irish metrics$h[electronic resource] :$bWith a glossary and an appendix containing an alphabetical list of the poets of Ireland.
=260  \\$aDublin:$bSchool of Irish Learning,$c1909.
=300  \\$avii, 63 p. ;$c21 cm.
=650  \0$aIrish language$xVersification.
=006  m        d        
=007  cr uuu---uuuuu
=040  \\$aBXM$cBXM
=533  \\$aElectronic reproduction.$bSan Francisco, Calif. :$cOpen Content Alliance,$d2013.$nMode of access: Internet.
=776  18$cOriginal$w(Alma)99105863190001021$w(OCoLC)ocm27779266
=940  \\$aOCA
=856  40$uhttp://www.archive.org/details/primerofirishmetr00meye

