=LDR  00807nam a2200253Ki 4500
=008  130515s1908\\\\enk\\\\\o\\\\\000\0\eng\d
=090  \\$aPB1347$b.I7 vol.10 1908eb
=100  1\$aMacalister, Robert Alexander Stewart,$d1870-1950.
=245  14$aThe story of the crop-eared dog$h[electronic resource] :$bthe story of Eagle-boy.
=260  \\$aLondon :$bFor the Irish texts society by D. Nutt,$c1908.
=300  \\$a207 p. ;$c23 cm.
=440  \0$aIrish Texts Society (Series) ;$vvol. 10
=600  10$aMacalister, Robert Alexander Stewart,$d1870-1950.
=006  m        d        
=007  cr uuu---uuuuu
=040  \\$aBXM$cBXM
=533  \\$aElectronic reproduction.$bSan Francisco, Calif. :$cOpen Content Alliance,$d2013.$nMode of access: Internet.
=776  18$cOriginal$w(Alma)99106317740001021$w(OCoLC)ocm11669317
=940  \\$aOCA

