=LDR  01026nam a2200301Ki 4500
=008  130515s1902\\\\ie\\\\\\o\\\\\000\0\gle\d
=041  1\$agleeng
=090  \\$aPB1227$b.A33 1902eb
=100  1\$aAhern, James L.
=245  10$aLeaḃar mion-cainte i nGaeḋilg & i mBéarla =$bAn Irish-English conversation book /$cSéamus L. Ó' Acaoirinn.
=246  3\$aLeabhar mion-cainte i nGaeilge & i mBéarla
=246  30$aIrish-English conversation book
=260  \\$aWaterford :$bN. Harvey,$c1902.
=300  \\$av. ;$c21 cm.
=500  \\$aCover title.
=500  \\$a"Compiled for the Waterford Branch of the Gaelic League"--Cover.
=546  \\$aPhrases given in Irish and English.
=650  \0$aIrish language$vConversation and phrase books.
=006  m        d        
=007  cr uuu---uuuuu
=040  \\$aBXM$cBXM
=533  \\$aElectronic reproduction.$bSan Francisco, Calif. :$cOpen Content Alliance,$d2013.$nMode of access: Internet.
=776  18$cOriginal$w(Alma)99106346220001021$w(OCoLC)ocm49684002
=940  \\$aOCA
=856  40$3pt.1$uhttp://www.archive.org/details/leaarmioncaintei01aher
=856  40$3pt.2$uhttp://www.archive.org/details/leaarmioncaintei02aher

