=LDR  01040nam a2200325Ki 4500
=008  130515s1908\\\\ie\\\\\\o\\\\\000\1\gle\d
=041  0\$agleng
=090  \\$aPB1225$b.S54 1908eb
=100  1\$aSheehan, M.$q(Michael),$d1870-1945.
=245  10$aCnó coilleaḋ craoḃaiġe$h[electronic resource] :$bthe Irish of the people /$cby M. Sheehan.
=246  3\$aCnó coilleadh craobhaighe
=246  30$aIrish of the people
=250  \\$aSchool ed.
=260  \\$aDublin :$bGill,$c1908.
=300  \\$a97 p. ;$c19 cm.
=500  \\$aPreface signed "Micheál Ó Síothcháin."
=546  \\$aText in Irish, notes in Irish and English, and preface in English.
=650  \0$aIrish language$vReaders.
=650  \0$aFolk literature, Irish.
=650  \0$aFolklore$zIreland$zWaterford (County).
=006  m        d        
=007  cr uuu---uuuuu
=040  \\$aBXM$cBXM
=533  \\$aElectronic reproduction.$bSan Francisco, Calif. :$cOpen Content Alliance,$d2013.$nMode of access: Internet.
=776  18$cOriginal$w(Alma)99106346240001021$w(OCoLC)ocm49684001
=940  \\$aOCA
=856  40$uhttp://www.archive.org/details/cncoilleacraoaie00shee

