=LDR  01092nam a2200277Ki 4500
=008  130515s1915\\\\ie\\\\\\o\\\\\000\1\gle\d
=041  0\$agleeng
=090  \\$aPB1399.O544$bG83 1915eb
=100  1\$aO'Leary, Peter,$d1839-1920.
=245  10$aGuaire$h[electronic resource] /$cPeadar Ua Laoġaire do sgríoḃ ó'n seana-sgéal "Imtheacht na tromdháime" ; Conall Cearnaċ do ċuir i n-eagar.
=260  \\$aBaile Áṫa Cliaṫ :$bMuintir na Leaḃar Gaeḋilge :$bBrún agus Ó Nóláin,$c1915.
=300  \\$a2 v. ;$c19 cm.
=500  \\$a"Guaire is a modernization of the old tale, Imtheacht na trom-dháimhe,... and has also been designated as 'The introduction to Táin bó Cuailgne'"--Introduction.
=546  \\$aText in Irish with explanatory material in English.
=730  0\$aImtheacht na tromdháimhe.
=006  m        d        
=007  cr uuu---uuuuu
=040  \\$aBXM$cBXM
=533  \\$aElectronic reproduction.$bSan Francisco, Calif. :$cOpen Content Alliance,$d2013.$nMode of access: Internet.
=776  18$cOriginal$w(Alma)99106349590001021$w(OCoLC)ocm49706198
=940  \\$aOCA

