=LDR  00942nam a2200289Ki 4500
=008  130515s1903\\\\ie\\\\\\o\\\\\000\0\gle\d
=041  0\$agleeng
=090  \\$aPB1227$b.O255 1903eb
=100  1\$aÓ Conceanainn, Tomás Bán,$d1870-1961.
=245  10$aMion-ċoṁráḋ$h[electronic resource] :$bleaḃar cainte Gaeḋilge-Béarla /$cTomás Ua Conċeanainn.
=246  3\$aMion-chomhrádh
=246  30$aLeaḃar cainte Gaeḋilge-Béarla
=246  3\$aLeabhar cainta Gaedhilge-Béarla
=260  \\$aBaile Áṫa Cliaṫ :$bConnraḋ na Gaeḋilge,$c1903.
=300  \\$ax, 161 p. ;$c18 cm.
=650  \0$aIrish language$vConversation and phrase books.
=006  m        d        
=007  cr uuu---uuuuu
=040  \\$aBXM$cBXM
=533  \\$aElectronic reproduction.$bSan Francisco, Calif. :$cOpen Content Alliance,$d2013.$nMode of access: Internet.
=776  18$cOriginal$w(Alma)99106350440001021$w(OCoLC)ocm21492254
=940  \\$aOCA
=856  40$uhttp://www.archive.org/details/mionorleaarcaint00conc

