=LDR  00988nam a2200301Ki 4500
=008  130515s1899\\\\ie\\\\\\o\\\\\000\pdgle\d
=041  0\$agleeng
=090  \\$aPB1398.D46$bA65 1899eb
=100  1\$aDenn, Patrick,$d1756-1828.
=245  10$aAighneas an pheacaig leis an m-bas$h[electronic resource] :$bcommonly known as Eachtra an bháis /$cedited with introduction and vocabulary [by P. Power]
=246  30$aEachtra an bháis
=260  \\$aWaterford :$bHarvey,$c1899.
=300  \\$a24 p. ;$c19 cm.
=546  \\$aReligious poem in Irish with explanatory material in English.
=650  \0$aIrish poetry.
=700  1\$aO Suilleabhain, Tadhg Gaelach,$d1715-1795$esupposed author.
=700  1\$aPower, P.
=006  m        d        
=007  cr uuu---uuuuu
=040  \\$aBXM$cBXM
=533  \\$aElectronic reproduction.$bSan Francisco, Calif. :$cOpen Content Alliance,$d2013.$nMode of access: Internet.
=776  18$cOriginal$w(Alma)99106350490001021$w(OCoLC)ocm06313975
=940  \\$aOCA

