=LDR  00818nam a2200253Ki 4500
=008  130515s1919\\\\ie\a\\\\o\\\\\000\f\gle\d
=090  \\$aPB1399.O797$bJ56 1919eb
=100  1\$aÓ Siochfhradha, Pádraig,$d1883-1964.
=245  10$aJimín Ṁáire Ṫaiḋg$h[electronic resource] /$c"An Seaḃac" do scríoḃ (Pádraig Ó Sioċḟraḋa)
=246  3\$aJimín Mháire Thaidhg
=260  \\$aBaile Áṫa Cliaṫ :$bCoṁluċt Oideaċais na hÉireann,$c1919.
=300  \\$a[ii], 115 p. :$bill. ;$c19 cm.
=650  \0$aIrish language.
=006  m        d        
=007  cr uuu---uuuuu
=040  \\$aBXM$cBXM
=533  \\$aElectronic reproduction.$bSan Francisco, Calif. :$cOpen Content Alliance,$d2013.$nMode of access: Internet.
=776  18$cOriginal$w(Alma)99106350600001021$w(OCoLC)ocm06472463
=940  \\$aOCA

