=LDR  00850nam a2200253Ki 4500
=008  130515s1820\\\\stk\\\\\o\\\\\000\0\lat\\
=090  \\$aPB1357$b.M13 1820eb
=100  1\$aMacpherson, James,$d1736-1796.
=245  10$aPhingalēis$h[electronic resource] :$bsive Hibernia liberata, epicum Ossianis poema, e celtico sermone conversum, tribus praemissis disputationibus, et subsequentibus notis /$cAugusto Frederico ... Sussexiae duci, dictatum. Ab A. Macdonald.
=260  \\$aEdinburgi :$bJ. Moir,$c1820.
=300  \\$a228 p. ;$c26 cm.
=006  m        d        
=007  cr uuu---uuuuu
=040  \\$aBXM$cBXM
=533  \\$aElectronic reproduction.$bSan Francisco, Calif. :$cOpen Content Alliance,$d2013.$nMode of access: Internet.
=776  18$cOriginal$w(Alma)99107207470001021$w(OCoLC)ocm03783496
=940  \\$aOCA

