=LDR  01016nam a2200313Ki 4500
=008  130515s1904\\\\ie\\\\\\o\\\\\001\0\gle\d
=090  \\$aPB1225.C5$bB7 1904eb
=245  00$aBolg an t-soláṫair$h[electronic resource] :$bcnuasaċ sean-rócán /$c"Fínġin na Leaṁna" do ḃailiġ.
=246  3\$aBolg an t-soláthair
=260  \\$aI mBaile Áṫa Cliaṫ :$bar n-a ċur i gcló do Ċonnraḋ na Gaeḋilge,$c1904.
=300  \\$a40 p. ;$c18 cm.
=440  \0$aLeaḃairíní Gaeḋilge le haġaiḋ an tsluaiġ ;$v14
=500  \\$aIncludes word index.
=650  \0$aBallads, Irish.
=650  \0$aSongs, Irish.
=700  1\$aMac Coluim, Fionán,$d1875-,$ecomp.
=773  18$w(Aleph)001919817BCL50$gno. 39031011757309
=006  m        d        
=007  cr uuu---uuuuu
=040  \\$aBXM$cBXM
=533  \\$aElectronic reproduction.$bSan Francisco, Calif. :$cOpen Content Alliance,$d2013.$nMode of access: Internet.
=776  18$cOriginal$w(Alma)99107207910001021$w(OCoLC)ocm06428926
=940  \\$aOCA
=856  40$uhttp://www.archive.org/details/bolgtsolaircnuas00macc

