=LDR  00969nam a2200313Ki 4500
=008  130515s1913\\\\ie\\\\\\o\\\\\001\0\iri\d
=041  0\$airieng
=090  \\$aPB1223$b.O15 1913eb
=100  1\$aÓ Catháin, Seán,$dd. 1937.
=245  10$aCeaċta cainnte gramadaiġe$h[electronic resource] :$bthe practical grammar of modern Irish /$cby Seaġán Ó Caṫáin.
=246  3\$aCeachta cainnte gramadaighe
=250  \\$a4th ed., enl.
=260  \\$aBaile Áṫa Cliaṫ :$bM. H. MacGuill,$c1913.
=300  \\$a224 p. ;$c23 cm.
=500  \\$aAt head of title: Do-ċum glóire Dé agus onóra na h-Éireann.
=500  \\$aIncludes index.
=650  \0$aIrish language$xGrammar.
=006  m        d        
=007  cr uuu---uuuuu
=040  \\$aBXM$cBXM
=533  \\$aElectronic reproduction.$bSan Francisco, Calif. :$cOpen Content Alliance,$d2013.$nMode of access: Internet.
=776  18$cOriginal$w(Alma)99107208070001021$w(OCoLC)ocm06701377
=940  \\$aOCA
=856  40$uhttp://www.archive.org/details/ceatacainntegram00cath

