=LDR  01152nam a2200301Ki 4500
=008  130515s1913\\\\gw\\\\\\ob\\\\000\0\ger\\
=090   \$aPB35$b.F5 1913eb
=100  1\$aFlagstad, Christian Benedict,$d1867-
=245  10$aPsychologie der sprachpädagogik$h[electronic resource] :$bversuche zu einer darstellung der prinzipien des fremdsprachlichen unterrichts auf grund der psuchologischen natur der sprache /$cvon Chr. B. Flagstad ... Mit einigen kürzungen und änderungen vom verfasser aus dem dänischen übersetzt.
=260  \\$aLeipzig ;$aBerlin :$bB.G. Teubner,$c1913.
=300  \\$axxviii, 370 p. ;$c23 cm.
=504  \\$a"Verzeichnis der angeführten literatur": p.[xxv]-xxviii.
=650  \0$aLanguages, Modern$xStudy and teaching.
=650  \0$aLanguage and languages$xStudy and teaching.
=650  \0$aLanguage and languages.
=006  m        d        
=007  cr uuu---uuuuu
=040  \\$aBXM$cBXM
=533  \\$aElectronic reproduction.$bSan Francisco, Calif. :$cOpen Content Alliance,$d2013.$nMode of access: Internet.
=776  18$cOriginal$w(Alma)99107209340001021$w(OCoLC)ocm18313142
=940  \\$aOCA
=856  40$uhttp://www.archive.org/details/psychologiedersp00flag

