=LDR  00783nam a2200253Ki 4500
=008  130515s1919\\\\ie\\\\\\o\\\\\000\0\iri\d
=090  \\$aPB1397.A34$bO433 1919eb
=100  10$aKnott, Eleanor.
=245  10$aFoclóir d'Eisirt$h[electronic resource] /$cEleanor Knott do ċuir le ċéile.
=260  \\$aBaile Áṫa Cliaṫ :$bBrún agus Ó Nóláin,$c1919?
=300  \\$a56 p. ;$c19 cm.
=700  1\$aO'Leary, Peter,$d1839-1920.$tEisirt.
=940  \\$aIRISH WOMEN WRITERS, NINETEENTH, EARLY TWENTIETH CENTURY
=006  m        d        
=007  cr uuu---uuuuu
=040  \\$aBXM$cBXM
=533  \\$aElectronic reproduction.$bSan Francisco, Calif. :$cOpen Content Alliance,$d2013.$nMode of access: Internet.
=776  18$cOriginal$w(Alma)99107301960001021$w(OCoLC)ocm41306125
=940  \\$aOCA

