=LDR  01356nam a2200265Ki 4500
=008  130515s1818\\\\enk\\\\\o\\\\\000\0\eng\d
=043  \\$an-gl---
=090  \\$aPB1283$b.V3 1818eb
=100  1\$aVallancey, Charles,$d1721-1812.
=245  13$aAn essay on the antiquity of the Irish language$h[electronic resource] :$bbeing a collation of the Irish with the Punic language /$cwith a preface, proving Ireland to be the Thule of the ancients addressed to the literati of Europe, to which is added a correction of the mistakes of Mr. LH Wyd in reading the ancient Irish manuscript Lives of the patriarchs ; and of those committed by Mr.Baretti in his Collation of the Irish with the Biscayan language And, Remarks on the Essay on the antiquity of the Irish language, addressed to the printer of the London Chronicle, in the year 1772, By Charles Vallancey.
=250  \\$a3d ed.
=260  \\$aLondon :$bPrinted for Richard Ryan,$c1818.
=300  \\$a115 p. ;$c22 cm.
=500  \\$a"Printed verbatim from the second edition in Colonel Vallancey's Collectanea."
=650  \0$aIrish language.
=651  \0$aQaanaaq (Greenland)
=006  m        d        
=007  cr uuu---uuuuu
=040  \\$aBXM$cBXM
=533  \\$aElectronic reproduction.$bSan Francisco, Calif. :$cOpen Content Alliance,$d2013.$nMode of access: Internet.
=776  18$cOriginal$w(Alma)99107500800001021$w(OCoLC)ocm02624338
=940  \\$aOCA
=856  40$uhttp://www.archive.org/details/essayonantiquity00vall

