=LDR  01499nam a2200373Ki 4500
=008  130515s1892\\\\ie\\\\\\ob\\\\001\0\lat\b
=041  0\$alateng
=090   \$aPB1202$b.A2 vol.3 1892eb
=090  \\$aPB1202.A2$bM32x 1892eb
=100  1\$aMacCarthy, Bartholomew,$eed.
=245  14$aThe Codex palatino-vaticanus, no. 830$h[electronic resource] :$b(texts, translations and indices) /$cby B. MacCarthy, D. D.
=260  \\$aDublin :$bAcademy House,$c1892.
=300  \\$a450 p. ;$c22 cm.
=490  1\$aRoyal Irish academy. Todd lecture series ;$vv. 3
=500  \\$aA description of the codex, and of the chronicle of Marianus scotus which it contains, with the passages of Irish interests, "hagiographic, linguistic, and historical", from the chronicle; also illustrative extracts from the Leabhar braec, the Books of Leinster and Ballymote, and the Annals of Tigernach.
=504  \\$aIncludes bibliographical references and indexes.
=650  \0$aIrish language$xVersification.
=700  0\$aMarianus Scotus,$d1028-1082?
=730  0\$aCodex palatino-vaticanus, no. 830.
=730  0\$aLeabhar braec.
=730  0\$aBook of Leinster.
=730  0\$aLeabhar Bhaile an Mhuta.
=830  \0$aTodd lecture series$vv. 3..
=006  m        d        
=007  cr uuu---uuuuu
=040  \\$aBXM$cBXM
=533  \\$aElectronic reproduction.$bSan Francisco, Calif. :$cOpen Content Alliance,$d2013.$nMode of access: Internet.
=776  18$cOriginal$w(Alma)99107583730001021$w(OCoLC)ocm04102954
=940  \\$aOCA
=856  40$uhttp://www.archive.org/details/codexpalatinovati00macc

