=LDR  01204nam a2200313Ki 4500
=008  130515s1908\\\\ie\\\\\\o\\\\\000\0\lat\\
=041  0\$alatengiri
=090   \$aPB1281$b.M6 1908eb
=090  \\$aPB1281$b.M64x 1908eb
=100  1\$aMolloy, Francis,$dfl. 1660.
=245  10$aDe prosodia hibernica:$h[electronic resource] /$cauthore reverendo patre fratre Francisco ó Molloy...[Romae: MDCLXXVII] On Irish prosody: written by the Rev. Father Francis ó Molloy...at Rome, A.D. 1677 and now translated by Tomás Ó Flannghaile.
=260  \\$aDublin :$bM. H. Gill & son, ltd.,$c1908.
=300  \\$avii, 114 p. ;$c19 cm.
=500  \\$aLast twelve chapters of the author's "Grammatica latino- hibernica."
=500  \\$aLatin and English on opposite pages.
=500  \\$aIrish poems, some with Latin versions, mostly by the author (p. 108- 114)
=650  \0$aIrish language$xRhythm.
=700  1\$aFlannery, Thomas,$d1846-1916,$eed. and tr.
=006  m        d        
=007  cr uuu---uuuuu
=040  \\$aBXM$cBXM
=533  \\$aElectronic reproduction.$bSan Francisco, Calif. :$cOpen Content Alliance,$d2013.$nMode of access: Internet.
=776  18$cOriginal$w(Alma)99107584030001021$w(OCoLC)ocm02379416
=940  \\$aOCA
=856  40$uhttp://www.archive.org/details/deprosodiahiberni00moll

