=LDR  00813nam a2200253Ki 4500
=008  130515s1919\\\\ie\\\\\\o\\\\\000\1\iri\d
=090  \\$aPB1399.L4$bE3 1919eb
=130  0\$aAided Fergusa.
=245  10$aEisirt$h[electronic resource] /$can t-Aṫair Peadar Ua Laoġaire, Canónaċ, S.P., do sgríoḃ ó'n seana sgéal "Eaċtra ríġ Ṫuaiṫe Luċra is lupracán go h-Eaṁain".
=260  \\$aBaile Áṫa Cliaṫ :$bBrún agus Nuallán,$c1919.
=300  \\$a102 p. ;$c17 cm.
=700  1\$aO'Leary, Peter,$d1839-1920
=006  m        d        
=007  cr uuu---uuuuu
=040  \\$aBXM$cBXM
=533  \\$aElectronic reproduction.$bSan Francisco, Calif. :$cOpen Content Alliance,$d2013.$nMode of access: Internet.
=776  18$cOriginal$w(Alma)99108494750001021$w(OCoLC)ocm06572663
=940  \\$aOCA

