=LDR  00886nam a2200277Ki 4500
=008  130515s1919\\\\ie\\\\\\o\\\\\000\0\iri\d
=090  \\$aPB1399.L4$bA6 1919eb
=100  1\$aO'Leary, Peter,$d1839-1920.
=245  10$aÁr ndóiṫin araon$h[electronic resource] /$can t-Aṫair Peadar Ua Laoġaire, Canonaċ, S.P., do sgríoḃ ; an t-Aṫair Risteard Pléimeann d[o] ċuir i n-eagar.
=246  3\$aÁr ndóithin araon
=260  \\$aBaile Áṫa Cliaṫ :$bBrún agus Nuallán,$c1919.
=300  \\$av, 110 p. ;$c18 cm.
=650  \0$aFolklore$zIreland.
=700  1\$aPléimeann, Risteárd,$eed.
=006  m        d        
=007  cr uuu---uuuuu
=040  \\$aBXM$cBXM
=533  \\$aElectronic reproduction.$bSan Francisco, Calif. :$cOpen Content Alliance,$d2013.$nMode of access: Internet.
=776  18$cOriginal$w(Alma)99108495140001021$w(OCoLC)ocm06728271
=940  \\$aOCA

