=LDR  01130nam a2200313Ki 4500
=008  130515s1914\\\\ie\g\\\\o\\\\\000\0biri\d
=043  \\$ae-uk---
=045  \\$au4u4
=090  \\$aPB1399.L2$bA3 1914eb
=100  1\$aMac Neill, Eoin,$d1867-1945.
=245  10$aAlasdair Mac Colla$h[electronic resource] :$bsain-eolus ar a ġníoṁarṫaiḃ gaisge /$cSeosaṁ Laoide do ċuir le ċéile ; déantúsaí Eoin Ṁac Néill agus ó Niall Mac Ṁuireaḋaiġ sa leaḃar so.
=260  \\$aBaile Áṫa Cliaṫ :$bClóḋanna Teo., ar n-a ċur amaċ do Ċonnraḋ na Gaeḋilge,$c1914.
=300  \\$axx, 76 p. :$bill., music ;$c18 cm.
=600  10$aMacColla, Alasdair,$dd. 1647.
=651  \0$aGreat Britain$xHistory$yCivil War, 1642-1649.
=700  1\$aMac Muiredaigh, Niall,$dfl. 1700.
=700  1\$aLaoide, Seosamh,$dd. 1939,$eed.
=006  m        d        
=007  cr uuu---uuuuu
=040  \\$aBXM$cBXM
=533  \\$aElectronic reproduction.$bSan Francisco, Calif. :$cOpen Content Alliance,$d2013.$nMode of access: Internet.
=776  18$cOriginal$w(Alma)99108495290001021$w(OCoLC)ocm06096543
=940  \\$aOCA

