=LDR  01044nam a2200301Ki 4500
=008  130515s1905\\\\ie\\\\\\o\\\\\001\0\iri\d
=041  0\$airieng
=090  \\$aPB1399.H7$bT2 1905eb
=100  0\$aFinn MacCumhaill,$d3rd cent.
=245  10$aTeaċt & imṫeaċt an Ġiolla Deacair & tóruiġeaċt Ċonáin & a ċuideaċtan$h[electronic resource] /$cSeaġan Ua hÓgáin & Seosaṁ Laoide do ċuir i n-eagar.
=246  3\$aTeacht & imtheacht an Ghiolla Deacair & tóruigheacht Chonáin & a chuideachtan
=260  \\$a[Baile Áṫa Cliaṫ] :$bar n-a ċur amaċ do Ċonnraḋ na Gaeḋilge,$c1905.
=300  \\$a158 p. ;$c17 cm.
=500  \\$aIncludes indexes.
=700  1\$aO'Hogan, John,$d1869-1947,$eed.
=700  1\$aLaoide, Seosamh,$dd. 1939,$eed.
=006  m        d        
=007  cr uuu---uuuuu
=040  \\$aBXM$cBXM
=533  \\$aElectronic reproduction.$bSan Francisco, Calif. :$cOpen Content Alliance,$d2013.$nMode of access: Internet.
=776  18$cOriginal$w(Alma)99108495440001021$w(OCoLC)ocm06472385
=940  \\$aOCA

