=LDR  00793nam a2200277Ki 4500
=008  130515s1918\\\\ie\\\\\\o\\\\\000\p\gle\d
=090  \\$aPB1399.O4467$bC35 1918eb
=100  1\$aÓ hAnnracháin, Peadar,$d1879-
=245  13$aAn ċaise ġarḃ :$h[electronic resource] /$cdánta a scríoḃaḋ le Peadar Ó h-Annraċáin.
=246  3\$aChaise gharbh
=260  \\$aAṫ Cliaṫ :$bCló na gCoinneal,$c1918.
=300  \\$a37 p. ;$c19cm.
=500  \\$aPoems in Irish.
=006  m        d        
=007  cr uuu---uuuuu
=040  \\$aBXM$cBXM
=533  \\$aElectronic reproduction.$bSan Francisco, Calif. :$cOpen Content Alliance,$d2013.$nMode of access: Internet.
=776  18$cOriginal$w(Alma)99108495900001021$w(OCoLC)ocm21577709
=940  \\$aOCA

