=LDR  00960nam a2200289Ki 4500
=008  130515s1916\\\\ie\\\\\\o\\\\\000\0\iri\d
=082  \\$a891.6282
=090  \\$aPB1399$b.H18 1916eb
=100  1\$aHaicead, Padraigin.
=245  10$aSaothar filidheachta an athar Pádraigńı Haicéad d'ord San Doiminic$h[electronic resource] /$car n-a thiomargadh agus ar n-a chuir i n-eagar do Thadhg Ó Dhonnchadha i. Torna.
=260  \\$aBaile Átha Cliath :$bGill,$c1916.
=300  \\$axxiii, 192 p. ;$c19 cm.
=500  \\$a"Ar n-a chur amach do Chumann Bhuanchoimeádtha na Gaeilge" - t.p.
=504  \\$aIncludes bibliographical references
=700  1\$aUa Donnchadha, Tadhg.
=006  m        d        
=007  cr uuu---uuuuu
=040  \\$aBXM$cBXM
=533  \\$aElectronic reproduction.$bSan Francisco, Calif. :$cOpen Content Alliance,$d2013.$nMode of access: Internet.
=776  18$cOriginal$w(Alma)99108496320001021$w(OCoLC)ocm17520712
=940  \\$aOCA

