=LDR  00774nam a2200265Ki 4500
=008  130515s1901\\\\ie\\\\\\o\\\\\000\1\iri\d
=090  \\$aPB1399.F4$bG7 1901eb
=100  1\$aNí Fhaircheallaigh, Úna.
=245  10$aGráḋ agus cráḋ$h[electronic resource] :$búirsgéilín /$cÚna Ní Fhairċeallaiġ do sgríoḃ.
=246  3\$aGrádh agus crádh
=260  \\$aBaile Áṫa Cliaṫ :$bConnraḋ na Gaeḋilge,$c1901.
=300  \\$a28 p. ;$c16 cm.
=006  m        d        
=007  cr uuu---uuuuu
=040  \\$aBXM$cBXM
=533  \\$aElectronic reproduction.$bSan Francisco, Calif. :$cOpen Content Alliance,$d2013.$nMode of access: Internet.
=776  18$cOriginal$w(Alma)99108498240001021$w(OCoLC)ocm20947656
=940  \\$aOCA

