=LDR  00750nam a2200265Ki 4500
=008  130515s1910\\\\ie\\\\\\o\\\\\000\1\iri\d
=090  \\$aPB1399.D9$bM9 1910eb
=100  1\$aÓ Dubhghaill, Séamus,$d1855-1929.
=245  10$aMuinntear na tuaṫa$h[electronic resource] /$cSéamus Ó Duḃġaill do scríoḃ.
=246  3\$aMuinntear na tuatha
=260  \\$aBaile Áṫa Cliaṫ :$bM. H. Gill,$c1910.
=300  \\$a129 p. ;$c18 cm.
=006  m        d        
=007  cr uuu---uuuuu
=040  \\$aBXM$cBXM
=533  \\$aElectronic reproduction.$bSan Francisco, Calif. :$cOpen Content Alliance,$d2013.$nMode of access: Internet.
=776  18$cOriginal$w(Alma)99108498520001021$w(OCoLC)ocm17401565
=940  \\$aOCA

