=LDR  00945nam a2200265Ki 4500
=008  130515s1901\\\\ie\\\\\\o\\\\\000\1\iri\d
=090  \\$aPB1399.D5$bC8 1901eb
=100  1\$aDinneen, Patrick S.$q(Patrick Stephen),$d1860-1934.
=245  10$aCormac Ua Conaill$h[electronic resource] :$bsgéal ḃaineas le h-Éirġe amaċ agus díṫ-ċeannaḋ Iarla na Deasṁuṁan (A.D. 1579-1583) /$cleis an Aṫair Pádraig Ua Duinnín.
=260  \\$aBaile Áṫa Cliaṫ :$bConnraḋ na Gaeḋilge,$c1901.
=300  \\$a90 p. ;$c18 cm.
=500  \\$aIncludes word index.
=600  10$aDesmond, Gerald Fitzgerald,$c15th earl of,$dca. 1538-1583$vFiction.
=006  m        d        
=007  cr uuu---uuuuu
=040  \\$aBXM$cBXM
=533  \\$aElectronic reproduction.$bSan Francisco, Calif. :$cOpen Content Alliance,$d2013.$nMode of access: Internet.
=776  18$cOriginal$w(Alma)99108498680001021$w(OCoLC)ocm20937158
=940  \\$aOCA

