=LDR  00862nam a2200277Ki 4500
=008  130515s1906\\\\ie\\\\\\o\\\\\000\0biri\d
=090  \\$aPB1399.C3$bB81 1906eb
=100  1\$aUa Ceallaigh, Sean,$d1872-1957.
=245  10$aBrian Bóirṁe$h[electronic resource] :$ba ṡaoġal agus a ḃeaṫa /$cSeán Ua Ceallaiġ do ċuir le ċeíle.
=246  3\$aBrian Bóirmhe
=250  \\$a[1st ed.]
=260  \\$aI mBaile Áṫa Cliaṫ :$bar n-a ċur amaċ do Ċonnraḋ na Gaeḋilge,$c1906.
=300  \\$axii, 131 p. ;$c19 cm.
=600  00$aBrian,$cKing of Ireland,$d926-1014
=006  m        d        
=007  cr uuu---uuuuu
=040  \\$aBXM$cBXM
=533  \\$aElectronic reproduction.$bSan Francisco, Calif. :$cOpen Content Alliance,$d2013.$nMode of access: Internet.
=776  18$cOriginal$w(Alma)99108500040001021$w(OCoLC)ocm06418085
=940  \\$aOCA

