=LDR  01083nam a2200325Ki 4500
=008  130515s1902\\\\ie\\\\\\o\\\\\000\0\iri\d
=041  0\$airi$beng
=082  \\$a891.6283
=090  \\$aPB1398$b.S94 1902eb
=100  1\$aÓ Súilleabháin, Eoghan Ruadh.
=245  10$aAmhráin Eoghain Ruaidh U ́ıShúilleabháin$h[electronic resource] :$bmaille le beathaidh an fhilidh agus foclóir /$ciar n-a gcruinniughadh agus a gcur i n-eagar leis an Athair Pádraig Ua Duinnńı.
=250  \\$aAn dara heag.
=260  \\$aBaile Átha Cliath :$bConnradh na Gaedhilge,$c1902.
=300  \\$axlviii, 210 p. ;$c18 cm.
=500  \\$aOriginally published: 1901
=500  \\$aIntroduction and notes in English
=504  \\$aIncludes bibliographical references
=700  1\$aUa Duinnńı, Pádraig.
=006  m        d        
=007  cr uuu---uuuuu
=040  \\$aBXM$cBXM
=533  \\$aElectronic reproduction.$bSan Francisco, Calif. :$cOpen Content Alliance,$d2013.$nMode of access: Internet.
=776  18$cOriginal$w(Alma)99108500840001021$w(OCoLC)ocm17520947
=940  \\$aOCA

