=LDR  01010nam a2200289Ki 4500
=008  130515s1905\\\\ie\\\\\\o\\\\\001\0\iri\d
=041  0\$airieng
=090  \\$aPB1398$b.G29 1905eb
=100  1\$aMac Gearait, Piaras.
=245  10$aAṁráin Ṗiarais Ṁic Gearailt$h[electronic resource] :$ban té be ċeann coṁairle ar Ċúirt na mBúrdún, maille le cunntas éigin ar a ḃeaṫaiḋ agus foclóir /$cRiseárd Ó Foġluḋa ("Fiaċra Éilgeaċ") do ḃailiġ is do ċéad-ċuir i n-eagar a ċéile.
=260  \\$aI mBaile Áṫa Cliaṫ :$bĊonnraḋ na Gaeḋilge,$c1905.
=300  \\$aiv, 138 p. ;$c19 cm.
=500  \\$aPoems.
=500  \\$aIncludes word index.
=700  1\$aFoley, Richard,$d1873-1957,$eed.
=006  m        d        
=007  cr uuu---uuuuu
=040  \\$aBXM$cBXM
=533  \\$aElectronic reproduction.$bSan Francisco, Calif. :$cOpen Content Alliance,$d2013.$nMode of access: Internet.
=776  18$cOriginal$w(Alma)99108501250001021$w(OCoLC)ocm06051883
=940  \\$aOCA

