=LDR  01069nam a2200301Ki 4500
=008  130515s1903\\\\ie\\\\\\o\\\\\001\0\iri\d
=041  0\$airieng
=090  \\$aPB1398.F3$bD31 1903eb
=100  1\$aFerriter, Pierce,$dd. 1653.
=245  10$aDánta Ṗiarais Feiritéir$h[electronic resource] :$bmaille le beaṫaiḋ an ḟiliḋ is foclóir /$ciar n-a gcruinniuġaḋ agus a gcur i gcéad-eagar leis an Aṫair Pádraig Ua Duinnín.
=246  3\$aDánta Phiarais Feiritéir
=260  \\$aI mBaile Áṫa Cliaṫ :$bar n-a gcur amaċ do Ċonnraḋ na Gaeḋilge,$c1903.
=300  \\$axxv, [1], 82 p. ;$c19 cm.
=440  \0$aGaelic League series.$pIrish texts ;$v5
=500  \\$aIncludes word index.
=700  1\$aDinneen, Patrick S.$q(Patrick Stephen),$d1860-1934$eed.
=006  m        d        
=007  cr uuu---uuuuu
=040  \\$aBXM$cBXM
=533  \\$aElectronic reproduction.$bSan Francisco, Calif. :$cOpen Content Alliance,$d2013.$nMode of access: Internet.
=776  18$cOriginal$w(Alma)99108501370001021$w(OCoLC)ocm06935299
=940  \\$aOCA

