=LDR  00938nam a2200289Ki 4500
=008  130515s1915\\\\ie\\\\\\o\\\\\001\0\iri\d
=041  0\$airieng
=090  \\$aPB1398.B8$bL2 1915eb
=130  0\$aTáin bó Cúailnge.
=245  10$aBrisleaċ ṁór Ṁaiġe Muirṫeiṁne$h[electronic resource] :$bsgéal ruḋraiġeaċta /$cSeosaṁ Laoide do ċuir i n-eagar.
=260  \\$aBaile Áṫa Cliaṫ :$bClóḋanna Teo., ar n-a ċur amaċ do Ċonnraḋ na Gaeḋilge,$c1915.
=300  \\$axi, 86 p. ;$c17 cm.
=500  \\$aIncludes index of proper names.
=650  00$aCuchulain (Legendary character)
=700  1\$aLaoide, Seosamh,$dd. 1939,$eed.
=006  m        d        
=007  cr uuu---uuuuu
=040  \\$aBXM$cBXM
=533  \\$aElectronic reproduction.$bSan Francisco, Calif. :$cOpen Content Alliance,$d2013.$nMode of access: Internet.
=776  18$cOriginal$w(Alma)99108501790001021$w(OCoLC)ocm06270661
=940  \\$aOCA

