=LDR  00787nam a2200265Ki 4500
=008  130515s1908\\\\enk\\\\\o\\\\\000\0\eng\d
=041  0\$airieng
=090  \\$aPB1397.T3$bS81 1908eb
=130  0\$aTáin bó Cúailnge.
=245  10$aStories from the Táin$h[electronic resource] /$cedited, with vocabulary by John Strachan.
=260  \\$aDublin :$bSchool of Irish Learning ;$aLondon :$bD. Nutt,$c1908.
=300  \\$avi, 125 p. :$bfront. (port.) ;$c18 cm.
=700  1\$aStrachan, John,$d1862-1907.
=006  m        d        
=007  cr uuu---uuuuu
=040  \\$aBXM$cBXM
=533  \\$aElectronic reproduction.$bSan Francisco, Calif. :$cOpen Content Alliance,$d2013.$nMode of access: Internet.
=776  18$cOriginal$w(Alma)99108501820001021$w(OCoLC)ocm03490481
=940  \\$aOCA

