=LDR  01256nam a2200361Ki 4500
=008  130515m18801881ie\\\\\\o\\\\\000\1\gle\d
=041  1\$agleeng$hgle
=090  \\$aPB1397$b.T752 1880eb
=130  0\$aTóruigheacht Dhiarmada agus Ghráinne.
=245  10$aTóruiġeaċt Ḋiarmuda agus Ġráinne =$bThe pursuit of Diarmuid and Grainne.
=246  3\$aPursuit of Diarmuid and Grainne
=246  3\$aTóruigheacht Dhiarmuda agus Ghráinne
=260  \\$aDublin :$bM. H. Gill,$c1880-1881.
=300  \\$a2 v. ;$c17 cm.
=500  \\$aText in Irish with English translation, introduction, and notes.
=500  \\$a"Published for the Society for the Preservation of the Irish Language."
=500  \\$aPt. 2 introduction signed "S. H. O'G.," Standish Hayes O'Grady.
=600  00$aFinn MacCumhaill,$d3rd cent.
=650  \0$aEpic literature, Irish.
=700  1\$aO'Grady, Standish Hayes,$d1832-1915.
=006  m        d        
=007  cr uuu---uuuuu
=040  \\$aBXM$cBXM
=533  \\$aElectronic reproduction.$bSan Francisco, Calif. :$cOpen Content Alliance,$d2013.$nMode of access: Internet.
=776  18$cOriginal$w(Alma)99108501930001021$w(OCoLC)ocm20803440
=940  \\$aOCA

