=LDR  00766nam a2200265Ki 4500
=008  130515s1903\\\\ie\a\\\\o\\\\\000\1\iri\d
=090  \\$aPB1380$b.H6 1903eb
=100  1\$aÓ hAodha, Tomás.
=245  13$aAn gioblaċán$h[electronic resource] :$bfinnsgéal nuaḋ-ḋéanta /$cTomás Ó hAoḋa do sgríoḃ.
=246  3\$aGioblachán
=260  \\$aBaile Áṫa Cliaṫ :$bConnraḋ na Gaeḋilge,$c1903.
=300  \\$a108 p. :$bill. ;$c18 cm.
=006  m        d        
=007  cr uuu---uuuuu
=040  \\$aBXM$cBXM
=533  \\$aElectronic reproduction.$bSan Francisco, Calif. :$cOpen Content Alliance,$d2013.$nMode of access: Internet.
=776  18$cOriginal$w(Alma)99108502470001021$w(OCoLC)ocm20504476
=940  \\$aOCA

