=LDR  00984nam a2200301Ki 4500
=008  130515s1888\\\\ie\\\\\\o\\\\\000\1\eng\d
=041  1\$aengiri$hiri
=090  \\$aPB1423.C55$bS6 1888eb
=245  00$aOiḋe Ċloinne Tuireann =$bThe fate of the Children of Tuireann /$cedited for the Society for the Preservation of the Irish Language, with notes, translation, and a complete vocabulary by Richard J. O'Duffy.
=246  3\$aOidhe Chloinne Tuireann
=260  \\$aDublin :$bGill,$c1888.
=300  \\$axx, 249 p. ;$c17 cm.
=700  1\$aO'Duffy, Richard J.
=730  02$aOidheadh Chloinne Tuireann.
=730  0\$aSraith mhiotaseolaíoch.
=006  m        d        
=007  cr uuu---uuuuu
=040  \\$aBXM$cBXM
=533  \\$aElectronic reproduction.$bSan Francisco, Calif. :$cOpen Content Alliance,$d2013.$nMode of access: Internet.
=776  18$cOriginal$w(Alma)99108511500001021$w(OCoLC)ocm19976472
=940  \\$aOCA

