=LDR  00917nam a2200277Ki 4500
=008  130515s1903\\\\ie\a\\\jo\\\\\000\1\iri\d
=090  \\$aPB1399.R9$bS6 1903eb
=100  1\$aRyan, W. P.$q(William Patrick),$d1867-1942.
=245  10$aSíḋeóga ag obair$h[electronic resource] :$bsgéalta le h-aġaiḋ an aosa óig /$cUilliam Ua Riain do sgríoḃ ; [illustrated by Ua Fágáin]
=246  3\$aSídheóga ag obair
=260  \\$aBaile Áṫa Cliaṫ :$bConnraḋ na Gaeḋilge,$c1903.
=300  \\$a34 p., [4] leaves of plates :$bill. ;$c19 cm.
=440  \0$aSgéalta nua-ḋéanta ;$v6
=700  1\$aUa Fágáin,$eill.
=006  m        d        
=007  cr uuu---uuuuu
=040  \\$aBXM$cBXM
=533  \\$aElectronic reproduction.$bSan Francisco, Calif. :$cOpen Content Alliance,$d2013.$nMode of access: Internet.
=776  18$cOriginal$w(Alma)99108512770001021$w(OCoLC)ocm06367092
=940  \\$aOCA

