=LDR  01179nam a2200301Ki 4500
=008  130515s1913\\\\ie\\\\\\o\\\\\000\0\iri\d
=041  0\$airieng
=043  \\$ae-ie---
=090  \\$aPB1399.R7$bM2 1913eb
=245  00$aMaiġdean an tSoluis agus sgéalta eile$h[electronic resource] :$bsgéalaiḋṫe Ṫíre Conaill d'innis /$cFeargus Mac Róiġ a sgríoḃ síos agus a ċuir i n-eagar.
=246  3\$aMaighdean an tSoluis agus sgealta eile
=260  \\$aDundalk :$bW. Tempest, Dundalgan Press,$c1913.
=300  \\$a67 p. ;$c22 cm.
=505  0\$aMaiġdean an tSoluis.--An Croċaire Tárnoċt.--Sgéal an Ḟearḋoṁain Ċruim.--Ingéan Ċormaic Ṁic Áirt.--Leabaiḋ Ċluiṁriġe.--Bean an Ḟiġeadóra.--An Gasúr a ḃí ag imirt Crónaí.--Seaċt n-Óige, &c.--Tagra.--Foclóir.
=650  10$aFolklore$zIreland$zTirconnell.
=700  1\$aO Muirgheasa, Enri,$ecomp. and ed.
=006  m        d        
=007  cr uuu---uuuuu
=040  \\$aBXM$cBXM
=533  \\$aElectronic reproduction.$bSan Francisco, Calif. :$cOpen Content Alliance,$d2013.$nMode of access: Internet.
=776  18$cOriginal$w(Alma)99108512920001021$w(OCoLC)ocm06459977
=940  \\$aOCA

