=LDR  00813nam a2200265Ki 4500
=008  130515s1918\\\\ie\\\\\\o\\\\\001\1\iri\d
=090  \\$aPB1399.N3$bS7 1918eb
=100  1\$aÓ Neachtain, Seán,$d1655-1728.
=245  10$aStair Éamuinn Uí Chléire$h[electronic resource] /$cdo réir Shéain Uí Neaċtain ; i n-eagar ag Eoġan Ó Neaċtain.
=260  \\$a[Baile Áṫa Cliaṫ] :$bM. H. Mac an Ghuill,$c1918.
=300  \\$aix, 112 p. ;$c18 cm.
=500  \\$aIncludes word index.
=700  1\$aÓ Neachtain, Eoghan.$eed.
=006  m        d        
=007  cr uuu---uuuuu
=040  \\$aBXM$cBXM
=533  \\$aElectronic reproduction.$bSan Francisco, Calif. :$cOpen Content Alliance,$d2013.$nMode of access: Internet.
=776  18$cOriginal$w(Alma)99108513390001021$w(OCoLC)ocm06509451
=940  \\$aOCA

