=LDR  00973nam a2200289Ki 4500
=008  130515s1912\\\\ie\\\\\\o\\\\\000\0\iri\d
=041  0\$airieng
=090  \\$aPB1399.M9$bC3 1912eb
=130  0\$aCeithearnach Uí Dhomhnaill.
=245  10$aCeiṫearnaċ Uí Ḋoṁnaill$h[electronic resource] :$bnó eaċtra an Ċeitearnaiġ Ċaoil-Riaḃaiġ /$cdo réir druinge ; Énrí Ua Muirġeasa do ċuir i n-eagar as láiṁsgríḃinn Oirġiallaiġ.
=246  3\$aCeithearnach Uí Dhomhnaill
=260  \\$aI mBaile Áṫa Cliaṫ :$bar n-a ċur amaċ do Ċonnraḋ na Gaeḋilge,$c1912.
=300  \\$axii, 43 p. ;$c19 cm.
=500  \\$aFolk tale.
=700  1\$aO Muirgheasa, Enri,$eed.
=006  m        d        
=007  cr uuu---uuuuu
=040  \\$aBXM$cBXM
=533  \\$aElectronic reproduction.$bSan Francisco, Calif. :$cOpen Content Alliance,$d2013.$nMode of access: Internet.
=776  18$cOriginal$w(Alma)99108513680001021$w(OCoLC)ocm06728153
=940  \\$aOCA

