=LDR  00928nam a2200277Ki 4500
=008  130515s1906\\\\ie\\\\\\o\\\\\000\1\gle\d
=041  0\$agleeng
=090  \\$aPB1225$b.O63 1906eb
=100  1\$aÓ Máille, Mícheál,$dd. 1911.
=245  10$aEoċaiḋ Mac Rí 'n-Éirinn$h[electronic resource] /$cMiċeál Ó Máille ("Diarmaid Donn") do scríoḃ.
=246  3\$aEochaidh Mac Rí 'n-Éirinn
=260  \\$aI mBaile Áṫa Cliaṫ :$bar n-a ċur amaċ do Ċonnraḋ na Gaeḋilge,$c1906.
=300  \\$a70 p. ;$c18 cm.
=440  \0$aSgéalta nua-ḋéanta ;$v6
=546  \\$aText in Irish ; footnotes and glossary in Irish and English.
=650  \0$aIrish language$vReaders.
=006  m        d        
=007  cr uuu---uuuuu
=040  \\$aBXM$cBXM
=533  \\$aElectronic reproduction.$bSan Francisco, Calif. :$cOpen Content Alliance,$d2013.$nMode of access: Internet.
=776  18$cOriginal$w(Alma)99108524730001021$w(OCoLC)ocm44171586
=940  \\$aOCA
=856  40$uhttp://www.archive.org/details/eoaimacrnirinn00mill

