=LDR  00724nam a2200241Ki 4500
=008  130515s1920\\\\ie\\\\\\o\\\\\000\0\gle\d
=090  \\$aPB1225$b.O635 1920eb
=100  1\$aÓ Máille, Tomás,$d1880-1938.
=245  14$aAn ġaoṫ aniar$h[electronic resource] /$cTomás Ó Máille do sgríoḃ.
=246  3\$aGhaoth aniar
=260  \\$aBaile Áṫa Cliaṫ :$bCoṁluċt Oideaċais na hÉireann,$c1920.
=300  \\$a174 p. ;$c18 cm.
=650  \0$aIrish language$vReaders.
=006  m        d        
=007  cr uuu---uuuuu
=040  \\$aBXM$cBXM
=533  \\$aElectronic reproduction.$bSan Francisco, Calif. :$cOpen Content Alliance,$d2013.$nMode of access: Internet.
=776  18$cOriginal$w(Alma)99108525000001021$w(OCoLC)ocm07907107
=940  \\$aOCA
=856  40$uhttp://www.archive.org/details/aoaniar00mill

