=LDR  00882nam a2200277Ki 4500
=008  130515s1920\\\\ie\\\\\\o\\\\\000\0\gle\d
=041  0\$agleeng
=090  \\$aPB1223$b.O66 1920eb
=100  1\$aO'Nolan, Gerald.
=245  12$aA key to the exercises in Studies in modern Irish :$nPart 1$h[electronic resource] /$cby Gerald O'Nolan.
=260  \\$aDublin :$bEducational Co. of Ireland,$c1920.
=300  \\$a77 p. ;$c19 cm.
=546  \\$aText in Irish with explanatory material in English.
=650  \0$aIrish language$xGrammar.
=650  \0$aIrish language$xComposition and exercises.
=740  0\$aStudies in modern Irish.
=006  m        d        
=007  cr uuu---uuuuu
=040  \\$aBXM$cBXM
=533  \\$aElectronic reproduction.$bSan Francisco, Calif. :$cOpen Content Alliance,$d2013.$nMode of access: Internet.
=776  18$cOriginal$w(Alma)99108525940001021$w(OCoLC)ocm27468696
=940  \\$aOCA
=856  40$uhttp://www.archive.org/details/keytoexercisesin00onol

