=LDR  00891nam a2200289Ki 4500
=008  130515s1921\\\\ie\\\\\\o\\\\\000\0\gle\d
=041  0\$agleeng
=090  \\$aPB1223$b.O32 1921eb
=100  1\$aÓ Cuív, Shán,$d1875-1940.
=245  13$aAn cóṁgar$h[electronic resource] :$bċun na Gaeḋilge d'foġluim /$cShán Ó Cuív, do ċuir le ċéile.
=246  3\$aCómhgar
=250  \\$aNew and rev. ed.
=260  \\$ai mBaile Áṫa Cliaṫ :$bBrún agus Ó Nóláin,$c1921.
=300  \\$a24 p. ;$c18 cm.
=500  \\$aCover title.
=546  \\$aText in Irish with prefatory material in English.
=650  \0$aIrish language$xGrammar.
=006  m        d        
=007  cr uuu---uuuuu
=040  \\$aBXM$cBXM
=533  \\$aElectronic reproduction.$bSan Francisco, Calif. :$cOpen Content Alliance,$d2013.$nMode of access: Internet.
=776  18$cOriginal$w(Alma)99108526570001021$w(OCoLC)ocm49347236
=940  \\$aOCA
=856  40$uhttp://www.archive.org/details/cgarunnagaeilged00cuvs

