=LDR  01034nam a2200313Ki 4500
=008  130515s1907\\\\ie\\\\\\o\\\\\000\0\iri\d
=090  \\$aPB1398.M9$bD6 1907eb
=100  1\$aÓ Murchadha, Seán,$d1700-1762.
=245  10$aDánta Ṡeáin Uí Ṁurċaḋa na Ráiṫíneaċ$h[electronic resource] /$car n-a dtiomorgaḋ agus ar n-a gcur i n-eagar do Ṫaḋg Ó Donnċaḋa .i. Tórna.
=246  3\$aDánta Sheáin Uí Mhurchadha na Ráithíneach
=260  \\$aI mBaile Áṫa Cliaṫ :$bĊonnraḋ na Gaeḋilge,$c1907.
=300  \\$axlix, [3], 229, [1] p. ;$c18 cm.
=500  \\$aPoems.
=700  1\$aÓ Donnchadha, Tadhg,$d1874-1930$eed.
=006  m        d        
=007  cr uuu---uuuuu
=040  \\$aBXM$cBXM
=533  \\$aElectronic reproduction.$bSan Francisco, Calif. :$cOpen Content Alliance,$d2013.$nMode of access: Internet.
=776  18$cOriginal$w(Alma)99108796920001021$w(OCoLC)ocm06731112
=940  \\$aOCA

