=LDR  01159nam a2200349Ki 4500
=008  130515s1912\\\\ie\aj\\\o\\\\\000\1dirie\
=090   \$aPB1398$b.M4 1912eb
=090  \\$aPB1398$b.M5 1912eb
=100  1\$aMerriman, Brian,$d1747?-1805.
=245  10$aCúirt an ṁeaḋon oiḋċe$h[electronic resource] /$cBryan Merryman cc̄t. Riseárd Ó Foġluḋa .i. Fiaċra Éilgeaċ do ċuir in eagar. Airte ann ó Ṗiaras Béaslaí.
=260  \\$aDublin :$bHodges, Figgis,$c1912.
=300  \\$aix, 185 p. :$bfront. (port.) ;$c22 cm.
=500  \\$aEdited by Richard Foley.
=500  \\$a"Merriman's secret: an interpretation" (p. [1]-19) by Pierce Beasley.
=700  1\$aÓ Foghludha, Risteárd,$d1873-1957
=700  12$aBéarslaí, Piaras,$d1883-
=006  m        d        
=007  cr uuu---uuuuu
=040  \\$aBXM$cBXM
=533  \\$aElectronic reproduction.$bSan Francisco, Calif. :$cOpen Content Alliance,$d2013.$nMode of access: Internet.
=776  18$cOriginal$w(Alma)99108796940001021$w(OCoLC)ocm05122654
=940  \\$aOCA

