=LDR  01049nam a2200325Ki 4500
=008  130515s1900\\\\ie\\\\\\o\\\\\001\0diri\d
=041  0\$airieng
=090  \\$aPB1398.K2 1900eb
=100  1\$aKeating, Geoffrey,$d1570?-1644?.
=245  10$aDánta aṁráin, is caointe Ṡeaṫrúin Céitinn$h[electronic resource] :$bdoċtúir diaḋaċta 1570-1650 A.D.) /$ciar n-a gcruinniuġaḋ & iar n-a gcur i gcloḋ don ċéad uair ag Eoin Caṫṁaolaċ Mac Giolla Eáin.
=260  \\$aBaile Áṫa Cliaṫ :$bConnraḋ na Gaeḋilge,$c1900.
=300  \\$a224 p. ;$c19 cm.
=500  \\$aPoems.
=500  \\$aIncludes indexes.
=700  1\$aMac Erlean, John.
=006  m        d        
=007  cr uuu---uuuuu
=040  \\$aBXM$cBXM
=533  \\$aElectronic reproduction.$bSan Francisco, Calif. :$cOpen Content Alliance,$d2013.$nMode of access: Internet.
=776  18$cOriginal$w(Alma)99108797030001021$w(OCoLC)ocm06366668
=940  \\$aOCA

