=LDR  01072nam a2200349Ki 4500
=008  130515s1919\\\\ie\\\\\\o\\\\\000\1diri\d
=041  0\$airieng
=090  \\$aPB1398 .D15$bK3 1919eb
=100  1\$aÓ D́alaiġ, Aonġus Fionn.
=245  10$aDánta do ċum Aonġus Fionn Ó Dálaiġ$h[electronic resource] /$cedited with translation, notes, &c., by L. M'Kenna ; with preface by O. J. Bergin.
=260  \\$aDublin :$bMaunsel,$c1919.
=300  \\$axvi, 87 p. ;$c22 cm.
=500  \\$aPoems.
=500  \\$aIrish and English text in opposite columns.
=650  \0$aReligious poetry, Irish.
=700  1\$aMcKenna, Lambert,$eed. and tr.
=700  1\$aBergin, Osborn,$d1873-1950
=006  m        d        
=007  cr uuu---uuuuu
=040  \\$aBXM$cBXM
=533  \\$aElectronic reproduction.$bSan Francisco, Calif. :$cOpen Content Alliance,$d2013.$nMode of access: Internet.
=776  18$cOriginal$w(Alma)99108797580001021$w(OCoLC)ocm04043608
=940  \\$aOCA

