=LDR  01050nam a2200325Ki 4500
=008  130515s1922\\\\enk\\\\\o\\\\\001\0\eng\\
=090   \$aPB1397$b.T7 1922eb
=130  0\$aTogail na Tebe.
=245  10$aTogail na Tebe$h[electronic resource] :$bthe Thebaid of Statius. The Irish text edited from two mss. with introduction, translation, vocabulary and notes /$cby George Calder.
=260  \\$aCambridge [Eng.] :$bThe University Press,$c1922.
=300  \\$axxiii, 431 p. ;$c23 cm.
=500  \\$a"Authorities quoted or referred": p. xx.
=700  1\$aStatius, P. Papinius$q(Publius Papinius)
=700  1\$aCalder, George,$d1859-1941.
=006  m        d        
=007  cr uuu---uuuuu
=040  \\$aBXM$cBXM
=533  \\$aElectronic reproduction.$bSan Francisco, Calif. :$cOpen Content Alliance,$d2013.$nMode of access: Internet.
=776  18$cOriginal$w(Alma)99108798290001021$w(OCoLC)ocm02696549
=940  \\$aOCA

