=LDR  01115nam a2200349Ki 4500
=008  130515s1912\\\\ie\\\\\\o\\\\\000\0\iri\\
=090   \$aPB1397$b.T3 1912eb
=090  \\$aPB1397.T3$bS9 1912eb
=130  0\$aTáin bó Cúailnge.
=245  10$aTáin bó Cúailnge$h[electronic resource] :$bfrom the Yellow book of Lecan, with variant readings from the Lebor na huidre /$cedited by John Strachan and J. G. O'Keeffe.
=260  \\$aDublin :$bSchool of Irish learning [etc.],$c1912.
=300  \\$avi, 126 p. ;$c25 cm.
=500  \\$aFirst issued as supplement to Ériu (1904-12)
=650  \0$aIrish language$yTo 1100$xTexts.
=700  1\$aStrachan, John,$d1862-1907$eed.
=730  0\$aLeabhar na h-uidhri.
=006  m        d        
=007  cr uuu---uuuuu
=040  \\$aBXM$cBXM
=533  \\$aElectronic reproduction.$bSan Francisco, Calif. :$cOpen Content Alliance,$d2013.$nMode of access: Internet.
=776  18$cOriginal$w(Alma)99108798440001021$w(OCoLC)ocm03078763
=940  \\$aOCA

