=LDR  01167nam a2200337Ki 4500
=008  130515s1904\\\\ie\g\\\\o\\\\\001\0\iri\d
=041  0\$airieng
=090  \\$aPB1397$b.S39 1904eb
=100  1\$aÓ hÍr, Micheál.
=245  10$aSeaċrán Ċairn tSiaḋail$h[electronic resource] :$baṁrán ilċeardaiḋeaċta agus seanċas síor-ċuartaiḋeċta /$cMiċeál Ua hÍr do ċuir tús air ; na hUltaiġ i gcoitċinne do ċríoċnuiġ ; Seosaṁ Laoide do ṫárrṫuiġ & do ċuir i n-eagar.
=246  3\$aSeachrán Chairn tSiadhail
=260  \\$aBaile Áṫa Cliaṫ :$bar n-a ċur amaċ do Ċonnraḋ na Gaeḋilge,$c1904.
=300  \\$a156 p. :$bmusic ;$c19 cm.
=500  \\$aIncludes indexes.
=650  \0$aBallads, Irish.
=700  1\$aLaoide, Seosamh,$dd. 1939,$eed.
=006  m        d        
=007  cr uuu---uuuuu
=040  \\$aBXM$cBXM
=533  \\$aElectronic reproduction.$bSan Francisco, Calif. :$cOpen Content Alliance,$d2013.$nMode of access: Internet.
=776  18$cOriginal$w(Alma)99108798490001021$w(OCoLC)ocm06973552
=940  \\$aOCA

