=LDR  01019nam a2200337Ki 4500
=008  130515s1904\\\\ie\c\\\\o\\\\\001\0\iri\d
=041  0\$airieng
=090  \\$aPB1398$b.W18 1904eb
=100  1\$aDe Bhailís, Colm,$d1796-1906.
=245  10$aAṁráin Ċuilm de Ḃailís$h[electronic resource].
=246  3\$aAmhráin Chuilm de Bhailís
=260  \\$aI mBaile Áṫa Cliaṫ :$bar n-a ċur amaċ do Connraḋ na Gaeḋilge,$c1904.
=300  \\$axxvii, [3], 52 p. :$bill., port. ;$c22 cm.
=500  \\$aPoems.
=700  1\$aHyde, Douglas,$d1860-1949
=700  1\$aPearse, Padraic,$d1879-1916
=006  m        d        
=007  cr uuu---uuuuu
=040  \\$aBXM$cBXM
=533  \\$aElectronic reproduction.$bSan Francisco, Calif. :$cOpen Content Alliance,$d2013.$nMode of access: Internet.
=776  18$cOriginal$w(Alma)99108811750001021$w(OCoLC)ocm06391376
=940  \\$aOCA

