=LDR  00894nam a2200301Ki 4500
=008  130515s1907\\\\ie\\\\\\o\\\\\000\0\iri\d
=090  \\$aPB1398.R13$bH981 1907eb
=100  1\$aRaftery, Anthony,$d1784-1835.
=245  10$aNaoi ndánta leis an Reaċtaḃraċ$h[electronic resource] /$cAn Craoiḃín Aoiḃinn [i.e. D. Hyde] do ċruinniġ.
=260  \\$a[Baile Áṫa Cliaṫ] :$bGill,$c1907.
=300  \\$a58 p. ;$c19 cm.
=500  \\$aPoems.
=700  1\$aHyde, Douglas,$d1860-1949$eed.
=006  m        d        
=007  cr uuu---uuuuu
=040  \\$aBXM$cBXM
=533  \\$aElectronic reproduction.$bSan Francisco, Calif. :$cOpen Content Alliance,$d2013.$nMode of access: Internet.
=776  18$cOriginal$w(Alma)99108811980001021$w(OCoLC)ocm06885995
=940  \\$aOCA

