=LDR  01185nam a2200337Ki 4500
=008  130515s1902\\\\ie\\\\\\o\\\\\001\0\iri\d
=090  \\$aPB1398.O4$bD4 1902eb
=100  1\$aO'Donoghue, Geoffrey,$d1620-ca. 1685.
=245  10$aDánta ṡéafraiḋ Uí Ḋonnċaḋa an ġleanna$h[electronic resource] :$bmaille le beaṫaiḋ an ḟiliḋ is fóclóir /$ciar n-a gcruinniuġaḋ agus a gcur i bpríṁ-eagar leis an Aṫair Pádraig Ua Duinnín.
=246  3\$aDánta shéafraidh Uí Dhonnchadha an ghleanna
=250  \\$a[1st ed.]
=260  \\$aI mBaile Áṫa Cliaṫ :$bar n-a gcur amaċ do Ċonnraḋ na Gaeḋilge,$c1902.
=300  \\$axxi, 54 p. ;$c18 cm.
=500  \\$aPoems.
=500  \\$aIncludes word index.
=700  1\$aDinneen, Patrick S.$q(Patrick Stephen),$d1860-1934$eed.
=006  m        d        
=007  cr uuu---uuuuu
=040  \\$aBXM$cBXM
=533  \\$aElectronic reproduction.$bSan Francisco, Calif. :$cOpen Content Alliance,$d2013.$nMode of access: Internet.
=776  18$cOriginal$w(Alma)99108812110001021$w(OCoLC)ocm06464196
=940  \\$aOCA

