=LDR  00796nam a2200277Ki 4500
=008  130515s1910\\\\ie\\\\\\o\\\\\000\0\gle\d
=041  0\$agleeng
=090  \\$aPB1223$b.C47 1910eb
=110  2\$aChristian Brothers.
=245  10$aAids to Irish composition$h[electronic resource] /$cby the Christian Brothers.
=250  \\$a5th ed.
=260  \\$aDublin :$bM.H. Gill,$c1910.
=300  \\$a164 p. ;$c19 cm.
=546  \\$aText in Irish and English.
=650  \0$aIrish language$xComposition and exercises.
=650  \0$aIrish language$xGrammar.
=006  m        d        
=007  cr uuu---uuuuu
=040  \\$aBXM$cBXM
=533  \\$aElectronic reproduction.$bSan Francisco, Calif. :$cOpen Content Alliance,$d2013.$nMode of access: Internet.
=776  18$cOriginal$w(Alma)99109576490001021$w(OCoLC)ocm32584947
=940  \\$aOCA
=856  40$uhttp://www.archive.org/details/aidstoirishcompo00chri

