=LDR  00768nam a2200253Ki 4500
=008  130515s1910\\\\ie\\\\\\o\\\\\000\0\gle\d
=043  \\$ae-ie---
=090  \\$aPB1223$b.C65 1910eb
=130  0\$aCoir mhúinte na gaedhilge.
=245  10$aCóir ṁúinte na gaeḋilge.$pan dara leaḃar$h[electronic resource] /$có na bráiṫriḃ críostaṁla.
=260  \\$aBaile áṫa cliaṫ :$bM.H. mac an Ġoill,$c1910.
=300  \\$a68 p. ;$c17 cm.
=650  \0$aIrish language$xGrammar.
=710  2\$aChristian Brothers.
=006  m        d        
=007  cr uuu---uuuuu
=040  \\$aBXM$cBXM
=533  \\$aElectronic reproduction.$bSan Francisco, Calif. :$cOpen Content Alliance,$d2013.$nMode of access: Internet.
=776  18$cOriginal$w(Alma)99110786360001021$w(OCoLC)ocm49035015
=940  \\$aOCA
=856  40$uhttp://www.archive.org/details/cirintenagaeilg00chri

