=LDR  00829nam a2200277Ki 4500
=008  130515s1906\\\\ie\\\\\\o\\\\\000\0\eng\d
=090  \\$aPB1223$b.B71 1906eb
=245  00$aGraiméar na Gaeḋilge$h[electronic resource] /$cleis na Bráiṫreaċaiḃ Críostaṁla.
=246  18$aIrish grammar
=250  \\$a[3rd ed., rev.]
=260  \\$a[Dublin :$bM.H. Gill,$c1906]
=300  \\$ax, 351 p. ;$c19 cm.
=500  \\$aTitle on spine: Irish grammar / by the Christian Brothers.
=500  \\$aText in English.
=650  \0$aIrish language$xGrammar.
=710  2\$aChristian Brothers.
=006  m        d        
=007  cr uuu---uuuuu
=040  \\$aBXM$cBXM
=533  \\$aElectronic reproduction.$bSan Francisco, Calif. :$cOpen Content Alliance,$d2013.$nMode of access: Internet.
=776  18$cOriginal$w(Alma)99110789720001021$w(OCoLC)ocm08548740
=940  \\$aOCA
=856  40$uhttp://www.archive.org/details/graimarnagaeilge00chri

