=LDR  00966nam a2200277Ki 4500
=008  130515m19051907ie\\\\\\o\\\\\000\1\gle\d
=041  0\$agleeng
=090  \\$aPB1399.O777$bA5 1905eb
=100  1\$aÓ Séaghdha, Pádraig,$d1864-1955.
=240  10$aAnnála na tuatha
=245  10$aAnnála na tuaṫa$h[electronic resource] /$c"Gruagaċ an Tobair" do sgríoḃ.
=260  \\$aI mBaile Áṫa Cliaṫ :$bdo Ċonnraḋ na Gaeḋilge,$c1905-1907.
=300  \\$a3 v. ;$c17 cm.
=440  \0$aSgéalta nua-ḋéanta ;$v9, 10, 11
=505  0\$av. 1. Ba duḃa Loċa na hEornan. An bob. -- v. 2. An tórraṁ. -- v. 3. An tromluiġe. Gaḃair an tobac. An spioraid.
=830  \0$aSgéalta nua-dhéanta ;$v9, 10, 11.
=006  m        d        
=007  cr uuu---uuuuu
=040  \\$aBXM$cBXM
=533  \\$aElectronic reproduction.$bSan Francisco, Calif. :$cOpen Content Alliance,$d2013.$nMode of access: Internet.
=776  18$cOriginal$w(Alma)99110794730001021$w(OCoLC)ocm06902169
=940  \\$aOCA

