=LDR  00928nam a2200277Ki 4500
=008  130515m190619uuie\\\\\\o\\\\\000\0\gle\d
=041  0\$agleeng
=090  \\$aPB1227$b.F55 1906eb
=100  1\$aFoley, Dermott,$dd. 1934.
=240  10$aMacléighinn
=245  13$aAn macléiġinn$h[electronic resource] :$bleaḃar ċoṁráiḋ /$cFeargus Finnḃéil do ṡaoṫraiġ.
=260  \\$aBaile Áṫa Cliaṫ :$bMuintir na Leaḃar Gaeḋilge,$c1906-
=300  \\$a67 p. ;$c19 cm.
=546  \\$aText in Irish with explanatory material in English.
=650  \0$aIrish language$vConversation and phrase books.
=650  \0$aIrish language$xGrammar$vConversation and phrase books.
=006  m        d        
=007  cr uuu---uuuuu
=040  \\$aBXM$cBXM
=533  \\$aElectronic reproduction.$bSan Francisco, Calif. :$cOpen Content Alliance,$d2013.$nMode of access: Internet.
=776  18$cOriginal$w(Alma)99110800350001021$w(OCoLC)ocm49046238
=940  \\$aOCA
=856  40$uhttp://www.archive.org/details/macliinnleaarori00fole

