=LDR  00969nam a2200253Ki 4500
=008  130515s1899\\\\ie\\\\\\ob\\\\000\0\gle\d
=090   4$aPB1214$b.R87 1899eb
=100  1\$aRussell, T. O.$q(Thomas O'Neill),$d1828-1908.
=240  10$aTeanga thíoramhuil na h-Eireann
=245  10$aTeanga thíoraṁuil na h-Eireann$h[electronic resource] :$bin a gCuirṫear a gCéill sandaċd agus mórḋaċd na Gaeḋilge ; maille re sgriḃinniḃ gaeḋilge fear deaġ-aiṫniġṫe nar foillsiṫeaḋ riaṁ roiṁe /$cle T.O. Ruiséal.
=260  \\$aAṫ-Cliaṫ :$bSealiġ, Bryars, & Walcér,$c1899.
=300  \\$axii, 99 p. ;$c18 cm.
=504  \\$aIncludes bibliographical references.
=650  \0$aIrish language$xHistory.
=006  m        d        
=007  cr uuu---uuuuu
=040  \\$aBXM$cBXM
=533  \\$aElectronic reproduction.$bSan Francisco, Calif. :$cOpen Content Alliance,$d2013.$nMode of access: Internet.
=776  18$cOriginal$w(Alma)99110808900001021$w(OCoLC)ocm33854118
=940  \\$aOCA
=856  40$uhttp://www.archive.org/details/teangathorauilna00russ

