=LDR  01045nam a2200325Ki 4500
=008  130515s1921\\\\ie\\\\\\o\\\\\000\0\gle\d
=041  0\$agleeng
=090  \\$aPB1223$b.O33 1921eb
=100  1\$aO'Daly, Richard.
=245  13$aAn cónggar =$bthe short cut : Irish simplified.$npart 1 /$ccompiled by R. O'Daly, O.J. Bergin, and Shán Ó Cuív.
=246  30$aShort cut
=246  30$aIrish simplified
=250  \\$aNew and revised ed.
=260  \\$aDublin :$bBrowne and Nolan, Limited,$c1921.
=300  \\$avi, 42 p. ;$c19 cm.
=546  \\$aText in Irish with explanatory material in English.
=650  \0$aIrish language$xGrammar.
=650  \0$aIrish language$xPhonetics.
=700  1\$aBergin, Osborn,$d1873-1950
=700  1\$aÓ Cuív, Shán,$d1875-1940.
=006  m        d        
=007  cr uuu---uuuuu
=040  \\$aBXM$cBXM
=533  \\$aElectronic reproduction.$bSan Francisco, Calif. :$cOpen Content Alliance,$d2013.$nMode of access: Internet.
=776  18$cOriginal$w(Alma)99110808990001021$w(OCoLC)ocm41898966
=940  \\$aOCA
=856  40$uhttp://www.archive.org/details/cnggarshortcutir00odal

