=LDR  00775nam a2200241Ki 4500
=008  130515s1920\\\\ie\af\\\o\\\\\000\0\gle\d
=090  \\$aPB1223$b.C64 1920eb
=130  0\$aCóir mhúinte na Gaedhilge.
=245  10$aCóir ṁúinte na Gaeḋilge.$pan ċéad laeḃar$h[electronic resource] /$có na bráiṫriḃ críostaṁla.
=260  \\$aBaile áṫa cliaṫ :$bM.H. Mac an Ġoill,$c1920.
=300  \\$a32 p., [1] leaf of plates :$bill. ;$c17 cm.
=650  \0$aIrish language$xGrammar.
=710  2\$aChristian Brothers.
=006  m        d        
=007  cr uuu---uuuuu
=040  \\$aBXM$cBXM
=533  \\$aElectronic reproduction.$bSan Francisco, Calif. :$cOpen Content Alliance,$d2013.$nMode of access: Internet.
=776  18$cOriginal$w(Alma)99110813450001021$w(OCoLC)ocm49054303
=940  \\$aOCA
=856  40$uhttp://www.archive.org/details/cirintenagaeilge00chri

