=LDR  01024nam a2200301Ki 4500
=008  130515s1907\\\\ie\\\\\\o\\\\\000\0\gle\d
=041  0\$agleeng
=090  \\$aPB1225$b.C88 1907eb
=100  0\$aCú Uladh,$d1856-1942.
=240  10$aLéightheoir Gaedhealach
=245  13$aAn léiġṫeoir Gaeḋealaċ$h[electronic resource] /$cPeadar Mac Ḟionnlaoiċ agus Eoin Mac Néill agus Seosaṁ Laoide do ċuir le céile.
=260  \\$aI mBaile Áṫa Cliaṫ :$bar n-a ċur amaċ do Ċonnraḋ na Gaeḋilge,$c1907.
=300  \\$aii, ii, 150 p. ;$c19 cm.
=500  \\$aIncludes indexes.
=546  \\$aText in Irish; glossaries in Irish and English.
=650  \0$aIrish language$vReaders.
=700  1\$aMac Neill, Eoin,$d1867-1945
=700  1\$aLaoide, Seosamh,$dd. 1939.
=006  m        d        
=007  cr uuu---uuuuu
=040  \\$aBXM$cBXM
=533  \\$aElectronic reproduction.$bSan Francisco, Calif. :$cOpen Content Alliance,$d2013.$nMode of access: Internet.
=776  18$cOriginal$w(Alma)99110813630001021$w(OCoLC)ocm06705839
=940  \\$aOCA
=856  40$uhttp://www.archive.org/details/lieoirgaeeala00cula

