=LDR  00847nam a2200265Ki 4500
=008  130515s1905\\\\ie\\\\\\o\\\\\000\0\eng\d
=041  0\$aenggle
=090  \\$aPB1223$b.O88 1905eb
=245  00$aOutlines of Irish grammar$h[electronic resource] :$bfor the use of schools and Gaelic League classes /$ccompiled for the Limerick Branch of the Gaelic League.
=260  \\$aDublin :$bM.H. Gill,$c1905.
=300  \\$a36 p. ;$c18 cm.
=505  2\$aPt. 1. Accidence.
=546  \\$aText in English and Irish.
=650  \0$aIrish language$xGrammar.
=710  2\$aGaelic League (Limerick, Ireland)
=006  m        d        
=007  cr uuu---uuuuu
=040  \\$aBXM$cBXM
=533  \\$aElectronic reproduction.$bSan Francisco, Calif. :$cOpen Content Alliance,$d2013.$nMode of access: Internet.
=776  18$cOriginal$w(Alma)99110813800001021$w(OCoLC)ocm06314081
=940  \\$aOCA
=856  40$uhttp://www.archive.org/details/outlinesofirishg00gael

