=LDR  00825nam a2200265Ki 4500
=008  130515s1901\\\\enka\\\\o\\\\\000\0\eng\d
=090  \\$aPB1306$b.H8 1901eb
=100  1\$aHyde, Douglas,$d1860-1949.
=245  12$aA literary history of Ireland from earliest times to the present day$h[electronic resource] /$cby Douglas Hyde.
=250  \\$a2nd impression.
=260  \\$aLondon :$bT.F. Unwin,$c1901.
=300  \\$axviii, 654p. :$bill. ;$c23cm.
=500  \\$aTitle in red and black.
=500  \\$aIncludes index.
=650  \0$aIrish literature$xHistory and criticism.
=006  m        d        
=007  cr uuu---uuuuu
=040  \\$aBXM$cBXM
=533  \\$aElectronic reproduction.$bSan Francisco, Calif. :$cOpen Content Alliance,$d2013.$nMode of access: Internet.
=776  18$cOriginal$w(Alma)99111898800001021$w(OCoLC)ocm05194018
=940  \\$aOCA
=856  40$uhttp://www.archive.org/details/literaryhistoryof00hyde

