=LDR  01241nam a2200313Ki 4500
=008  130515s1908\\\\ie\\\\\\o\\\\\000\0\gle\d
=041  0\$agleeng
=090  \\$aPB1225$b.D56 1908eb
=100  1\$aDinneen, Patrick S.$q(Patrick Stephen),$d1860-1934.
=245  10$aAistiḋe Gaeḋilge le haġaiḋ an aosa óig =$bIrish lessons for the young : with short vocabularies and copious explanations /$cleis an Aṫair Pádraig Ua Duinnín.
=246  3\$aIrish lessons for the young
=246  3\$aAistidhe Gaedhilge le haghaidh an aosa óig
=260  \\$aBaile Áṫa Cliaṫ :$bM. H. Gill,$c1908.
=300  \\$a2 v. ;$c19 cm.
=490  1\$aSraiṫ leaḃar scoile Ṡeaṫrúin Céitinn =$aThe Geoffrey Keating series of school books ;$v1, 3
=650  \0$aIrish language$vReaders.
=830  \0$aSraith leabhar scoile Sheathrúin Céitinn ;$v1, 3.
=006  m        d        
=007  cr uuu---uuuuu
=040  \\$aBXM$cBXM
=533  \\$aElectronic reproduction.$bSan Francisco, Calif. :$cOpen Content Alliance,$d2013.$nMode of access: Internet.
=776  18$cOriginal$w(Alma)99112733910001021$w(OCoLC)ocm06127446
=940  \\$aOCA
=856  40$uhttp://www.archive.org/details/aistiegaeilgeleh00dinn

