=LDR  00676nam a2200229Ki 4500
=008  130515s1922\\\\ie\\\\\\o\\\\\000\f\gle\d
=090  \\$aPB1399.O4112$bF73 1922eb
=100  1\$aÓ Conaire, Pádraic Óg,$d1893-1971.
=240  10$aFraoch bán
=245  13$aAn fraoċ bán$h[electronic resource] /$cPáḋraic Óg Ó Conaire a sgríoḃ.
=260  \\$aGailliṁ [Ireland] :$bÓ Gormáin,$c1922.
=300  \\$a77 p. ;$c18 cm.
=006  m        d        
=007  cr uuu---uuuuu
=040  \\$aBXM$cBXM
=533  \\$aElectronic reproduction.$bSan Francisco, Calif. :$cOpen Content Alliance,$d2013.$nMode of access: Internet.
=776  18$cOriginal$w(Alma)99112971750001021$w(OCoLC)ocm39909571
=940  \\$aOCA

