=LDR  01215nam a2200337Ki 4500
=008  130515s1857\\\\enk\\\\\o\\\\\000\0\eng\\
=090   \$aPB1013$b.P7 1857eb
=090  \\$aPB1013$b.P7 1857eb
=100  1\$aPrichard, James Cowles,$d1786-1848.
=245  14$aThe eastern origin of the Celtic nations proved by a comparison of their dialects with the Sanskrit, Greek, Latin, and Teutonic languages$h[electronic resource] :$bforming a supplement to researches into the physical history of mankind /$cby James Cowles Prichard ... Edited by R.G. Latham ...
=260  \\$aLondon :$bHoulston and Wright [etc.],$c1857.
=300  \\$axix, 387 p. :$bill. ;$c23 cm.
=650  \0$aCelts.
=650  \0$aCeltic languages$xGrammar, Comparative.
=700  1\$aLatham, R. G.$q(Robert Gordon),$d1812-1888$eed.
=006  m        d        
=007  cr uuu---uuuuu
=040  \\$aBXM$cBXM
=533  \\$aElectronic reproduction.$bSan Francisco, Calif. :$cOpen Content Alliance,$d2013.$nMode of access: Internet.
=776  18$cOriginal$w(Alma)99113057060001021$w(OCoLC)ocm00786158
=940  \\$aOCA
=856  40$uhttp://www.archive.org/details/easternoriginofce00pric

