=LDR  01012nam a2200313Ki 4500
=008  130515s1896\\\\stk\\\\\o\\\\\000\0\eng\\
=090   \$aPB1100$b.S6 1896eb
=100  1\$aSharp, Elizabeth A.$q(Elizabeth Amelia),$d1856-1932$eed.
=245  10$aLyra Celtica$h[electronic resource] :$ban anthology of representative Celtic poetry /$ced. by Elizabeth A. Sharp, with introduction and notes by William Sharp.
=260  \\$aEdinburgh :$bP. Geddes and colleagues,$c1896.
=300  \\$ali, 422 p. ;$c20 cm.
=490  0\$aThe Celtic library
=650  \0$aCeltic poetry.
=700  1\$aSharp, William,$d1855-1905.
=006  m        d        
=007  cr uuu---uuuuu
=040  \\$aBXM$cBXM
=533  \\$aElectronic reproduction.$bSan Francisco, Calif. :$cOpen Content Alliance,$d2013.$nMode of access: Internet.
=776  18$cOriginal$w(Alma)99113934590001021$w(OCoLC)ocm02835292
=940  \\$aOCA
=856  40$uhttp://www.archive.org/details/lyracelticaanthol00shar

