=LDR  01026nam a2200313Ki 4500
=008  130515\1902\\\\\\\\\\\\o\\\\\\\\\\\eng\u
=090   \$aPB1096$b.M3 1902eb
=100  1\$aMacLean, Magnus,$d1857-1937.
=245  14$aThe literature of the Celts$h[electronic resource] :$bits history and romance /$cby Magnus Maclean.
=260  \\$aLondon [etc.] :$bBlackie and son, limd.,$c1902.
=300  \\$axv, 400 p. ;$c23 cm.
=500  \\$aIncludes indexes.
=500  \\$a"The gist of two series of lectures ... delivered under the Maccallum bequest in the University of Glasgow", 1900-2.--Pref.
=650  \0$aCeltic literature$xHistory and criticism.
=006  m        d        
=007  cr uuu---uuuuu
=040  \\$aBXM$cBXM
=533  \\$aElectronic reproduction.$bSan Francisco, Calif. :$cOpen Content Alliance,$d2013.$nMode of access: Internet.
=776  18$cOriginal$w(Alma)99113935050001021$w(OCoLC)ocm00573182
=940  \\$aOCA
=856  40$uhttp://www.archive.org/details/literatureofcelts00macl

