=LDR  01056nam a2200289Ki 4500
=008  130515s1871\\\\gw\\\\\\o\\\\\001\0\lat\d
=090   \$aPB1019$b.Z6 1871eb
=090  \\$aPB1019$b.Z6 1871eb
=100  1\$aZeuss, Johann Kaspar,$d1806-1856.
=245  10$aGrammatica Celtica$h[electronic resource] :$bE monumentis vetustis tam hibernicae linguae quam britannicarum dialectorum, cambricae, cornicae, armoricae comparatis gallicae priscae reliquiis /$cconstruxit I. C. Zeuss [i.e. K. Zeuss]
=250  \\$aEditio Altera /$bcuravit H. Ebel.
=260  \\$aBerolini :$bapud Weidmannos ;$aParis :$bMaisonneuve,$c1871.
=300  \\$a2 v. (lii, 1115 p.) ;$c26 cm.
=650  \0$aCeltic languages$xGrammar, Historical.
=006  m        d        
=007  cr uuu---uuuuu
=040  \\$aBXM$cBXM
=533  \\$aElectronic reproduction.$bSan Francisco, Calif. :$cOpen Content Alliance,$d2013.$nMode of access: Internet.
=776  18$cOriginal$w(Alma)99113935260001021$w(OCoLC)ocm02050262
=940  \\$aOCA
=856  40$3v.1$uhttp://www.archive.org/details/grammaticaceltic01zeus
=856  40$3v.2$uhttp://www.archive.org/details/grammaticaceltica02zeus

