=LDR  00804nam a2200265Ki 4500
=008  130515s1905\\\\ie\\\\\\o\\\\\000\p\gle\d
=041  0\$agleeng
=090  \\$aPB1399.M162$bB5 1905eb
=100  1\$aMac Giolla Bhrighde, Níall,$db. 1861.
=245  10$aBlaṫa fraioċ =$bHeather blossoms : songs in Irish and English /$cby Níall Mac Giolla Ḃriġde.
=246  3\$aBlatha fraoich
=246  30$aHeather blossoms
=260  \\$aDublin :$bWhaley,$c1905.
=300  \\$a32 p. ;$c19 cm.
=546  \\$aPoems in Irish and English.
=006  m        d        
=007  cr uuu---uuuuu
=040  \\$aBXM$cBXM
=533  \\$aElectronic reproduction.$bSan Francisco, Calif. :$cOpen Content Alliance,$d2013.$nMode of access: Internet.
=776  18$cOriginal$w(Alma)99114076480001021$w(OCoLC)ocm06547553
=940  \\$aOCA

