=LDR  00933nam a2200289Ki 4500
=008  120610s19uu\\\\ie\a\\\j\\\\\\000\d\gle\d
=090  \\$aPB1399.O448$bL83 1900z 0eb
=100  1\$aÓ hAodha, Séamus.
=245  13$aAn luċ tuaiṫe$h[electronic resource] :$bdráma grinn /$cSéamus Ó hAoḋa do ḋein.
=246  3\$aLuch tuaithe
=260  \\$a45 p :$bill. ;$c19 cm.
=300  \\$aBaile Áṫa Cliaṫ :$bCoṁluċt oideaċais na nÉireann, ;$c[19--?]
=490  1\$aSreaṫ drámai i nGaeḋilg don aos óg ;$v18
=500  \\$a"Drámaí scol"--Cover.
=650  \0$aIrish drama.
=650  \0$aYoung adult drama, Irish.
=830  \0$aSreath drámaí i nGaeilge don aos óg ;$v18.
=006  m        d        
=007  cr uuu---uuuuu
=040  \\$aBXM$cBXM
=533  \\$aElectronic reproduction.$bSan Francisco, Calif. :$cOpen Content Alliance,$d2013.$nMode of access: Internet.
=776  18$cOriginal$w(Alma)99114079600001021$w(OCoLC)ocm49622302
=940  \\$aOCA

