=LDR  00852nam a2200265Ki 4500
=008  130515s1919\\\\ie\\\\\\o\\\\\000\p\gle\d
=090  \\$aPB1399.D5$bS65 1919eb
=100  1\$aDinneen, Patrick S.$q(Patrick Stephen),$d1860-1934.
=245  10$aSpioraid na saoirse$h[electronic resource] :$baisling draoiḋeaċta ar an mbliaḋain 1916 /$cPádraig Ua Duinnín cecinit.
=260  \\$aBaile Áṫa Cliaṫ :$bM.H. Gill agus a Ṁac,$c1919.
=300  \\$a135 p. ;$c17 cm.
=500  \\$aPoems in Irish.
=650  \0$aIrish poetry.
=650  \0$aPolitical poetry.
=650  \0$aRevolutionary poetry.
=006  m        d        
=007  cr uuu---uuuuu
=040  \\$aBXM$cBXM
=533  \\$aElectronic reproduction.$bSan Francisco, Calif. :$cOpen Content Alliance,$d2013.$nMode of access: Internet.
=776  18$cOriginal$w(Alma)99114094510001021$w(OCoLC)ocm27693636
=940  \\$aOCA

