=LDR  00817nam a2200265Ki 4500
=008  130515s1906\\\\enk\\\\\o\\\\\000\0\eng\d
=082  \\$a891.6209
=090  \\$aPB1306$b.H8 1906eb
=100  1\$aHyde, Douglas,$d1860-1949.
=245  12$aA literary history of Ireland from earliest times to the present day$h[electronic resource] /$cDouglas Hyde.
=250  \\$a4th impression.
=260  \\$aLondon :$bT.F. Unwin,$c1906.
=300  \\$axviii, 654 p. ;$c23 cm.
=490  0\$aThe Library of literary history
=500  \\$aIncludes index.
=650  \0$aIrish literature$xHistory and criticism.
=006  m        d        
=007  cr uuu---uuuuu
=040  \\$aBXM$cBXM
=533  \\$aElectronic reproduction.$bSan Francisco, Calif. :$cOpen Content Alliance,$d2013.$nMode of access: Internet.
=776  18$cOriginal$w(Alma)99114153090001021$w(OCoLC)ocm01193870
=940  \\$aOCA
=856  40$uhttp://www.archive.org/details/literaryhistoryo00hyde

