=LDR  00923nam a2200313Ki 4500
=008  130515s1902\\\\ie\\\\\\o\\\\\000\0\iri\d
=041  0\$airieng
=090  \\$aPB1423.C5$bC7 1902eb
=130  0\$aAided chlainne Tuirenn.
=245  10$aClann Tuireann$h[electronic resource] :$bbeing a modern version of the "Fate of the children of Tuireann" /$cby J. P. Craig.
=260  \\$aDublin :$bSealy, Bryers, and Walker,$c1902.
=300  \\$a91 p. ;$c19 cm.
=440  \0$aModern Irish texts ;$v2
=700  1\$aCraig, J. P.$q(James Patrick)
=006  m        d        
=007  cr uuu---uuuuu
=040  \\$aBXM$cBXM
=533  \\$aElectronic reproduction.$bSan Francisco, Calif. :$cOpen Content Alliance,$d2013.$nMode of access: Internet.
=776  18$cOriginal$w(Alma)99114373390001021$w(OCoLC)ocm06326823
=940  \\$aOCA

