=LDR  00916nam a2200313Ki 4500
=008  130515s1902\\\\ie\\\\\\o\\\\\000\0\iri\d
=041  0\$airieng
=090  \\$aPB1423.C5$bC7 1902eb
=130  0\$aLonges mac nUsnig.
=245  10$aClann Uisnig$h[electronic resource] :$bbeing a modern version of the "Fate of the Children of Uisneach" /$cby J. P. Craig.
=260  \\$aDublin :$bSealy, Bryers, and Walker,$c1902.
=300  \\$a79 p. ;$c19 cm.
=440  \0$aModern Irish texts ;$v3
=700  1\$aCraig, J. P.$q(James Patrick)
=006  m        d        
=007  cr uuu---uuuuu
=040  \\$aBXM$cBXM
=533  \\$aElectronic reproduction.$bSan Francisco, Calif. :$cOpen Content Alliance,$d2013.$nMode of access: Internet.
=776  18$cOriginal$w(Alma)99114373420001021$w(OCoLC)ocm06340436
=940  \\$aOCA

