=LDR  00998nam a2200265Ki 4500
=008  130515s1913\\\\ie\\\\\\o\\\\\000\1\iri\d
=090  \\$aPB1397.A34$bO44x 1913eb
=130  0\$aAided Fergusa.
=245  10$aEshirt$h[electronic resource] /$cPeaduir Ó Laeri do shgríg ón sheana shgiál, "Echtra ríg thuaithe luchra is lupracán go hEmhain."
=246  3\$aEisirt
=260  \\$aBleáclieh [i.e. Dublin] :$bMuíntir na Leour Gäluingi = The Irish Book Company,$c1913.
=300  \\$avii, 150 p. ;$c19 cm.
=500  \\$a"The story ... is contained in the first part of Aidedh Fergusa, 'The death of Fergus,' as it appears in the Silva Gadelica of Standish Hayes O'Grady ... "--P. [iii]."
=700  1\$aO'Leary, Peter,$d1839-1920
=006  m        d        
=007  cr uuu---uuuuu
=040  \\$aBXM$cBXM
=533  \\$aElectronic reproduction.$bSan Francisco, Calif. :$cOpen Content Alliance,$d2013.$nMode of access: Internet.
=776  18$cOriginal$w(Alma)99114673610001021$w(OCoLC)ocm34395144
=940  \\$aOCA

