=LDR  00972nam a2200253Ki 4500
=008  130515s1906\\\\ie\\\\\\o\\\\\000\0\gle\d
=041  0\$agleeng
=090  \\$aPB1223$b.C5 1906eb
=100  1\$aConnellan, Thaddeus,$dd. 1854.
=240  10$aGramadac dhá-theang thach
=245  10$aGramadac ḋá-ṫeangṫaċ$h[electronic resource] :$ban Ġaeḋilg agus an Béarla ar aġaiḋ a ċéile /$cTaḋg Ó Coindealḃáin do sgríoḃ ; an t-aṫ-ċló agus réaṁráḋ agus foclóir gramadaṁail ó láiṁ Ṡeosaiṁ Laoide.
=260  \\$aI mBaile Áṫa Cliaṫ :$bar n-a ċur amaċ do Ċonnraḋ na Gaeḋilge,$c1906.
=300  \\$axii, 152 p. ; 18 cm.
=650  \0$aIrish language$xGrammar.
=700  1\$aLaoide, Seosamh,$dd. 1939,$eeditor.
=006  m        d        
=007  cr uuu---uuuuu
=040  \\$aBXM$cBXM
=533  \\$aElectronic reproduction.$bSan Francisco, Calif. :$cOpen Content Alliance,$d2013.$nMode of access: Internet.
=776  18$cOriginal$w(Alma)99115826400001021$w(OCoLC)ocm06110398
=940  \\$aOCA
=856  40$uhttp://www.archive.org/details/gramadaceangaaei00conn

