=LDR  01184nam a2200301Ki 4500
=008  130515s1899\\\\enk\\\\\o\\\\\000\0\irix\
=041  0\$airieng
=090   \$aPB1347$b.I7 vol. 2 1899eb
=130  0\$aFled Bricrend.
=245  10$aFled Bricrend$h[electronic resource] :$bthe feast of Bricriu /$can early Gaelic saga transcribed from older mss. into the Book of the Dun Cow, by Moelmuiri mac mic Cuinn na m-Bocht of the community of the Culdees at Clonmacnois, with conclusion from Gaelic ms. XL. Edinburgh Advocates' library. Ed., with translation, introduction, and notes by George Henderson.
=246  31$aFeast of Bricriu
=260  \\$aLondon :$bPub. for the Irish Texts Society, by D. Nutt,$c1899.
=300  \\$alxvii, 217 p. ;$c23 cm.
=490  1\$aIrish Texts Society. [Publications]$vvol. 2
=700  1\$aHenderson, George$eed.
=830  \0$aIrish Texts Society (Series) ;$vvol. 2.
=006  m        d        
=007  cr uuu---uuuuu
=040  \\$aBXM$cBXM
=533  \\$aElectronic reproduction.$bSan Francisco, Calif. :$cOpen Content Alliance,$d2013.$nMode of access: Internet.
=776  18$cOriginal$w(Alma)99116089020001021$w(OCoLC)ocm05703330
=940  \\$aOCA

