=LDR  01039nam a2200301Ki 4500
=008  130515s1914\\\\enkah\\\o\\\\\000\0\iri\\
=090  \\$aPB1347$b.I7 vol. 14 1914eb
=245  03$aAn Irish astronomical tract based in part on a mediœval Latin version of a work by Messahalah;$h[electronic resource] /$ced., with preface, translation and glossary, by Maura Power, M. A.
=260  \\$aLondon :$bIrish Texts Society,$c1914.
=300  \\$axi, 176 p. :$bfacsim., diagrs. ;$c23 cm.
=490  1\$aIrish Texts Society, v. 14
=650  \0$aAstronomy$vEarly works to 1800.
=650  \0$aCosmography.
=700  0\$aMāshāʾallāh,$d730?-815?.
=700  1\$aPower, Maura,$d1888-1916,$eed.
=830  \0$aIrish Texts Society (Series) ;$vvol. 14..
=006  m        d        
=007  cr uuu---uuuuu
=040  \\$aBXM$cBXM
=533  \\$aElectronic reproduction.$bSan Francisco, Calif. :$cOpen Content Alliance,$d2013.$nMode of access: Internet.
=776  18$cOriginal$w(Alma)99116089190001021$w(OCoLC)ocm03394696
=940  \\$aOCA

