=LDR  01075nam a2200301Ki 4500
=008  130515s1904\\\\enk\\\\\o\\\\\000\0\iri\\
=090   \$aPB1353$b.I6 v.5 1904eb
=090  \\$aPB1347$b.I7 vol. 5 1904eb
=130  0\$aCaithreim Conghail Clairinghnigh.
=245  10$aCaithreim Conghail Clairinghnigh$h[electronic resource] :$bMartial career of Conghal Cláiringhneach /$ced. for the first time, with translation, introduction, notes, and glossary, by Patrick M. MacSweeney.
=246  31$aMartial career of Conghal Cláiringhneach
=260  \\$aLondon :$bPub. for the Irish Texts Society, by D. Nutt,$c1904.
=300  \\$alxvii, 233 p. ;$c23 cm.
=490  1\$aIrish Texts Society. v. 5
=700  1\$aMacSweeney, Patrick M.,$eed.
=830  \0$aIrish Texts Society (Series) ;$vvol. 5..
=006  m        d        
=007  cr uuu---uuuuu
=040  \\$aBXM$cBXM
=533  \\$aElectronic reproduction.$bSan Francisco, Calif. :$cOpen Content Alliance,$d2013.$nMode of access: Internet.
=776  18$cOriginal$w(Alma)99116089770001021$w(OCoLC)ocm03394885
=940  \\$aOCA

