=LDR  00895nam a2200265Ki 4500
=008  130515s1920\\\\ii\\\\\\o\\\\\000\0\gle\d
=090  \\$aPB1383$b.S34 1920eb
=245  00$aScéaluiḋe Éireann$h[electronic resource] :$bwith complete vocabulary /$c"An Connaċtaċ Céasta," do ċuir i n-eagar.
=246  3\$aScéaluidhe Éireann
=260  \\$aI mBaile Áṫa Cliaṫ :$bM.H. Mac Ġuill & aMac,$c1920.
=300  \\$a71 p. ;$c19 cm.
=500  \\$aFolk-tales from "the three provinces in which Irish still survives." cf. p.[4]
=650  \0$aIrish language$vReaders.
=650  \0$aTales$zIreland.
=700  1\$aUa Ceallaigh, Sean,$d1872-1957.
=006  m        d        
=007  cr uuu---uuuuu
=040  \\$aBXM$cBXM
=533  \\$aElectronic reproduction.$bSan Francisco, Calif. :$cOpen Content Alliance,$d2013.$nMode of access: Internet.
=776  18$cOriginal$w(Alma)99116244970001021$w(OCoLC)ocm40975703
=940  \\$aOCA
=856  40$uhttp://www.archive.org/details/scaluieireannwit00uace

