=LDR  00888nam a2200277Ki 4500
=008  130515s1901\\\\ie\\\\\\o\\\\\000\0\gle\d
=090  \\$aPB1225$b.O64 1901eb
=100  1\$aÓ Neachtain, Eoghan.
=245  10$aI dTaoiḃ na hOibre$h[electronic resource] /$cEoġan Ó Neaċtain do sgríoḃ.
=246  3\$aI dTaoibh na hOibre
=260  \\$aBaile Áṫa Cliaṫ :$bConnraḋ na Gaeḋilge,$c1901.
=300  \\$a16 p. ;$c22 cm.
=490  1\$aLeaḃairíní Gaeḋilge le hAġaiḋ an tSluaiġ ;$v3
=500  \\$aCover title.
=650  \0$aIrish language$vReaders.
=830  \0$aLeabhairíní Gaeilge le hAghaidh an tSluaigh ;$v3.
=006  m        d        
=007  cr uuu---uuuuu
=040  \\$aBXM$cBXM
=533  \\$aElectronic reproduction.$bSan Francisco, Calif. :$cOpen Content Alliance,$d2013.$nMode of access: Internet.
=776  18$cOriginal$w(Alma)99116245150001021$w(OCoLC)ocm30418080
=940  \\$aOCA
=856  40$uhttp://www.archive.org/details/idtaoinahoibre00neac

