=LDR  01238nam a2200349Ki 4500
=008  130515s1904\\\\ie\\\\\\o\\\\\000\0\engm\
=041  0\$aengiri
=090   \$aPB1291$b.D5 1904eb
=100  1\$aDinneen, Patrick S.$q(Patrick Stephen),$d1860-1934.
=245  10$aFoclóir Gaeḋilge agus Béarla$h[electronic resource] :$bAn Irish-English dictionary, being a thesaurus of words, phrases and idioms of the modern Irish language, with explanations in English /$cComp. and ed. by Rev. Patrick S. Dinneen, M. A.
=246  3\$aIrish-English dictionary
=260  \\$aDublin :$bFor the Irish texts society by M. H. Gill & son, ltd.; [etc. etc.],$c1904.
=300  \\$axvi, 803 p. ;$c19 cm.
=650  \0$aIrish language$vDictionaries$xEnglish.
=650  \0$aEnglish language$vDictionaries$xIrish.
=710  2\$aIrish Texts Society.
=006  m        d        
=007  cr uuu---uuuuu
=040  \\$aBXM$cBXM
=533  \\$aElectronic reproduction.$bSan Francisco, Calif. :$cOpen Content Alliance,$d2013.$nMode of access: Internet.
=776  18$cOriginal$w(Alma)99116250090001021$w(OCoLC)ocm02556788
=940  \\$aOCA
=856  40$uhttp://www.archive.org/details/foclirgaeilgeagu00dinn

