=LDR  01352nam a2200325Ki 4500
=008  130515s1903\\\\ie\\\\\\o\\\\\100\1\gle\d
=041  0\$agleeng
=090  \\$aPB1399.O7769$bB83 1903eb
=100  1\$aÓ Séaghdha, Pádraig,$d1855-1928.
=245  13$aAn buaiceas$h[electronic resource] :$beiṫre sgéalta rug craoḃ an Oireaċtais leó 'sa ḃliaḋain 1898 /$cPádraig Ó Séaġḋa ("Conán Maol") do sgríoḃ ; Seósaṁ Laoide do ċuir i n-eagar.
=246  14$aAn buaiceas : ceiṫre sgéalta rug craoḃ an Oireaċtais leó 'sa ḃliaḋain 1898
=246  30$aCeiṫre sgéalta rug craoḃ an Oireaċtais leó 'sa ḃliaḋain 1898
=260  \\$aI mBaile Áṫa Cliaṫ :$bar n-a gcur amaċ do Ċonnraḋ na Gaeḋilge,$c1903.
=300  \\$a162 p. ;$c19 cm.
=440  \0$aSgéalta nua-ḋéanta ;$v4
=490  1\$aSgéalta nua-ḋéanta ;$v4
=505  20$tBean an leasa --$tMíol mara do leag cíos --$tEachtra Risteáird --$tSeaghán & Mícheál.
=700  1\$aLaoide, Seosamh,$dd. 193.
=710  2\$aGaelic League (Dublin, Ireland)
=830  \0$aSgéalta nua-dhéanta ;$v4.
=006  m        d        
=007  cr uuu---uuuuu
=040  \\$aBXM$cBXM
=533  \\$aElectronic reproduction.$bSan Francisco, Calif. :$cOpen Content Alliance,$d2013.$nMode of access: Internet.
=776  18$cOriginal$w(Alma)99116251180001021$w(OCoLC)ocm06493972
=940  \\$aOCA

