=LDR  00985nam a2200277Ki 4500
=008  130515s1906\\\\ie\\\\\\o\\\\\000\1\gle\d
=090  \\$aPB1225$b.O78 1906eb
=100  1\$aÓ Ruaidhrí, Seaghán.
=245  10$aSúil Uí Ḋuḃda le hÁrd na Ríoġ /$bSeaġán Ua Ruaiḋrí do sgríoḃ ; Seosaṁ Laoide do ċuir an foclóirín leis.
=246  3\$aSúil Uí Dhubhda le hÁrd na Ríogh
=260  \\$aI mBaile Áṫa Cliaṫ :$bar n-a ċur amaċ do Ċonnraḋ na Gaeḋilge,$c1906.
=300  \\$a14 p. ;$c17 cm.
=490  1\$aAṫ-Ċlóḋanna ó'n "Irisleaḃar" ;$v2
=650  \0$aIrish language$vReaders.
=700  1\$aLaoide, Seosamh,$dd. 1939.
=830  \0$aAth-Chlódhanna ó'n "Irisleabhar" ;$v2.
=006  m        d        
=007  cr uuu---uuuuu
=040  \\$aBXM$cBXM
=533  \\$aElectronic reproduction.$bSan Francisco, Calif. :$cOpen Content Alliance,$d2013.$nMode of access: Internet.
=776  18$cOriginal$w(Alma)99116251210001021$w(OCoLC)ocm06722258
=940  \\$aOCA
=856  40$uhttp://www.archive.org/details/siluudalehrdnaro00ruai

