=LDR  00896nam a2200277Ki 4500
=008  130515s1907\\\\ie\af\\\o\\\\\000\0\gle\d
=043  \\$ae-ie---
=090  \\$aPB1225$b.O6433 1907eb
=100  10$aÓ Neachtain, Eoghan.
=245  10$aStair-ċeaċta.$nleaḃar a dó$h[electronic resource] /$cEoġan Ó Neaċtain do sgríoḃ ; an tarraingṫeoireaċt ó láiṁ Ṡeoirse Uí Ḟágáin.
=246  3\$aStair-cheachta
=260  \\$aBaile Áṫa Cliaṫ :$bConnraḋ na Gaeḋilge,$c1907.
=300  \\$a133 p., [5] p. of plates :$bill. ;$c19 cm.
=650  \0$aIrish language$vReaders.
=651  \0$aIreland$xHistory.
=006  m        d        
=007  cr uuu---uuuuu
=040  \\$aBXM$cBXM
=533  \\$aElectronic reproduction.$bSan Francisco, Calif. :$cOpen Content Alliance,$d2013.$nMode of access: Internet.
=776  18$cOriginal$w(Alma)99116251560001021$w(OCoLC)ocm17612994
=940  \\$aOCA
=856  40$uhttp://www.archive.org/details/staireata00neac

