=LDR  00915nam a2200277Ki 4500
=008  130515s1905\\\\ie\af\\\o\\\\\000\0\gle\d
=043  \\$ae-ie---
=090  \\$aPB1225$b.O643 1905eb
=100  10$aÓ Neachtain, Eoghan.
=245  10$aStair-ċeaċta.$nleaḃar a haon$h[electronic resource] :$bsgéalta gearra ar neiṫiḃ & ar ḋaoiniḃ i seanċas na hÉireann /$cdo sgríoḃ Eoġan Ó Neaċtain.
=246  3\$aStair-cheachta
=260  \\$aBaile Áṫa Cliaṫ :$bConnraḋ na Gaeḋilge,$c1905.
=300  \\$a92 p., [4] leaves of plates :$bill. ;$c19 cm.
=650  \0$aIrish language$vReaders.
=651  \0$aIreland$xHistory.
=006  m        d        
=007  cr uuu---uuuuu
=040  \\$aBXM$cBXM
=533  \\$aElectronic reproduction.$bSan Francisco, Calif. :$cOpen Content Alliance,$d2013.$nMode of access: Internet.
=776  18$cOriginal$w(Alma)99116251610001021$w(OCoLC)ocm18886648
=940  \\$aOCA
=856  40$uhttp://www.archive.org/details/staireatasgaltag00neac

