=LDR  00942nam a2200277Ki 4500
=008  130515s1918\\\\ie\c\\\\o\\\\\000\0\eng\d
=041  0\$aenggle
=090  \\$aPB1353$b.G55 1918eb
=245  00$aGill's Irish reciter$h[electronic resource] :$ba selection of gems from Ireland's modern literature ; cnuasaċt seód as scriḃinniḃ Éireann /$cedited by J.J. O'Kelly.
=246  1\$iAt head of title:$aFéiṫe fódla
=250  \\$a4th ed.
=260  \\$aDublin :$bM.H. Gill & Sons,$c1918.
=300  \\$axxi, 362 p. :$bports. ;$c19 cm.
=546  \\$aText in English and Irish ; explanatory material in English.
=650  \0$aIrish literature.
=700  1\$aUa Ceallaigh, Sean,$d1872-1957.
=006  m        d        
=007  cr uuu---uuuuu
=040  \\$aBXM$cBXM
=533  \\$aElectronic reproduction.$bSan Francisco, Calif. :$cOpen Content Alliance,$d2013.$nMode of access: Internet.
=776  18$cOriginal$w(Alma)99116252760001021$w(OCoLC)ocm49523591
=940  \\$aOCA

