=LDR  00916nam a2200301Ki 4500
=008  130515s1920\\\\ie\\\\\\o\\\\\000\0\eng\d
=041  1\$aenggae
=090  \\$aPB1421$b.J7 1920eb
=245  00$aOld Celtic romances$h[electronic resource] /$ctranslated from the Gaelic.
=250  \\$a[3d ed.]
=260  \\$aDublin :$bEducational Co. of Ireland,$c1920 [pref. 1907]
=300  \\$axx, 473 p. ;$c19 cm.
=650  \0$aEpic literature, Irish$vTranslations into English$xTranslations into English.
=700  1\$aJoyce, P. W.$q(Patrick Weston),$d1827-1914.
=006  m        d        
=007  cr uuu---uuuuu
=040  \\$aBXM$cBXM
=533  \\$aElectronic reproduction.$bSan Francisco, Calif. :$cOpen Content Alliance,$d2013.$nMode of access: Internet.
=776  18$cOriginal$w(Alma)99117777670001021$w(OCoLC)ocm03092147
=940  \\$aOCA

