=LDR  01443nam a2200349Ki 4500
=008  130515s1899\\\\enka\\\\o\\\\\000\0\eng\d
=090   4$aPB77$b.S7 1899eb
=090  \\$aPB77$b.S7 1899eb
=100  1\$aSoames, Laura,$d1840-1895.
=245  10$aIntroduction to English, French and German phonetics$h[electronic resource] :$bwith reading lessons and exercises /$cby Laura Soames.
=250  \\$aNew ed., rev. and ed.$bby Wilhelm Vietor.
=260  \\$aLondon :$bS. Sonnenschein ;$aNew York :$bThe Macmillan Co.,$c1899.
=300  \\$a1 v. (various pagings) :$bill. ;$c20 cm.
=490  0\$aIntroductory science textbooks
=500  \\$aPt. II: Reading lessons and exercises; A phonetic reading book (English, French and German) has special t.-p.
=650  \0$aPhonetics.
=650  \0$aEnglish language$xPhonetics.
=650  \0$aFrench language$xPhonetics.
=650  \0$aGerman language$xPhonetics.
=700  1\$aViëtor, Wilhelm,$d1850-1918,$eed.
=776  08$iOnline version:$aSoames, Laura, 1840-1895.$tIntroduction to English, French and German phonetics.$bNew ed., rev. and ed.$dLondon : S. Sonnenschein ; New York : The Macmillan Co., 1899$w(OCoLC)615342338
=006  m        d        
=007  cr uuu---uuuuu
=040  \\$aBXM$cBXM
=533  \\$aElectronic reproduction.$bSan Francisco, Calif. :$cOpen Content Alliance,$d2013.$nMode of access: Internet.
=776  18$cOriginal$w(Alma)99117977390001021$w(OCoLC)ocm08481980
=940  \\$aOCA
=856  40$uhttp://www.archive.org/details/introductiontoen00soam

