=LDR  01090nam a2200325Ki 4500
=008  130515s1909\\\\xx\\\\\\ob\\\\001\0\ger\\
=090   \$aPB1220$b.T5 1909eb
=100  1\$aThurneysen, Rudolf,$d1857-1940.
=245  10$aHandbuch des Alt-irischen$h[electronic resource] :$bGrammatik, Texte und Wörterbuch /$cvon Rudolf Thurneysen.
=260  \\$aHeidelberg :$bC. Winter,$c1909.
=300  \\$a2 v. ;$c21 cm.
=490  0\$aIndogermanische Bibliothek. 1. Abt. Sammlung indogermanischer Lehr- und Handbücher. 1. Reihe: Grammatiken. 6. Bd.
=504  \\$a"Wichtigere Hilfsmittel": v. 1, p. 13-15.
=505  0\$aI. T. Grammatik.--II. T. Texte mit Wörterbuch.
=650  \0$aIrish language$yTo 1100.
=006  m        d        
=007  cr uuu---uuuuu
=040  \\$aBXM$cBXM
=533  \\$aElectronic reproduction.$bSan Francisco, Calif. :$cOpen Content Alliance,$d2013.$nMode of access: Internet.
=776  18$cOriginal$w(Alma)99118736930001021$w(OCoLC)ocm03546059
=940  \\$aOCA
=856  40$3v.1$uhttp://www.archive.org/details/handbuchdesaltir01thur

