=LDR  01336nam a2200373Ki 4500
=008  130515s1906\\\\iek\\\\\o\\\\\001\0\eng\d
=041  0\$aengiri
=043  \\$ae-uk-ni
=090   \$aPB1202$b.A2 v.14 1906eb
=100  1\$aMeyer, Kuno,$d1858-1919$eed. and tr.
=245  14$aThe death-tales of the Ulster heroes$h[electronic resource] /$c[edited and translated by Kuno Meyer]
=260  \\$aDublin :$bHodges, Figgis,$c1906.
=300  \\$avii, 52 p. ;$c23 cm.
=490  0\$aRoyal Irish Academy. Todd lecture series ; v.14
=500  \\$aIrish and English on opposite pages.
=500  \\$aIncludes index.
=505  0\$aThe death of Conchobar.--The death of Lóegaire Búadach.--The death of Celtchar Mac Uthechair.--The death of Fergus Mac Róich.--The death of Cet Mac Magach.--Notes.--Index nominum.--Index locorum.--Glossary.
=650  \0$aEpic literature, Irish$xUlster cycle.
=650  \0$aFolklore$zIreland.
=650  \0$aCelts$vFolklore$xFolklore.
=006  m        d        
=007  cr uuu---uuuuu
=040  \\$aBXM$cBXM
=533  \\$aElectronic reproduction.$bSan Francisco, Calif. :$cOpen Content Alliance,$d2013.$nMode of access: Internet.
=776  18$cOriginal$w(Alma)99118737900001021$w(OCoLC)ocm02746876
=940  \\$aOCA
=856  40$uhttp://www.archive.org/details/deathtalesofulste00meye

