=LDR  01088nam a2200301Ki 4500
=008  130515s1887\\\\ie\\\\\\o\\\\\001\0\eng\\
=041  0\$aengirilat
=090   \$aPB1202$b.A2 1887eb
=130  0\$aLeabhar braec.
=245  14$aThe passions and the homilies from Leabhar breac$h[electronic resource] :$btext, translation, and glossary /$cby Robert Atkinson.
=260  \\$aDublin :$bPublished by the [Royal Irish] Academy,$c1887.
=300  \\$avi, 957 p. ;$c22 cm.
=490  1\$aRoyal Irish Academy. Todd lecture series,$vv. 2
=500  \\$aIncludes "Irish lexicography: an introductory lecture," by Robert Atkinson, which was alos issued in separate form as "Todd lecture series, v. 2, pt. 1.
=700  1\$aAtkinson, R.$q(Robert),$d1839-1908$eed. and tr.
=830  \0$aTodd lecture series$vv.2..
=006  m        d        
=007  cr uuu---uuuuu
=040  \\$aBXM$cBXM
=533  \\$aElectronic reproduction.$bSan Francisco, Calif. :$cOpen Content Alliance,$d2013.$nMode of access: Internet.
=776  18$cOriginal$w(Alma)99118738120001021$w(OCoLC)ocm04097802
=940  \\$aOCA
=856  40$uhttp://www.archive.org/details/passionshomiliesf00atki

