=LDR  00871nam a2200301Ki 4500
=008  130515s1879\\\\xx\\\\\\ob\\\\000\0\ger\d
=041  0\$ageriri
=090  \\$aPB1223$b.W76 1879eb
=100  1\$aWindisch, Ernst,$d1844-1918.
=245  10$aKurzgefasste Irische Grammatik$h[electronic resource] :$bmit Lesestücken /$cvon Ernst Windisch.
=260  \\$aLeipzig :$bHirzel,$c1879.
=300  \\$ax, 149 p. ;$c23 cm.
=504  \\$aIncludes bibliographical references.
=650  \0$aIrish language$xGrammar.
=006  m        d        
=007  cr uuu---uuuuu
=040  \\$aBXM$cBXM
=533  \\$aElectronic reproduction.$bSan Francisco, Calif. :$cOpen Content Alliance,$d2013.$nMode of access: Internet.
=776  18$cOriginal$w(Alma)99118751600001021$w(OCoLC)ocm05292840
=940  \\$aOCA
=856  40$uhttp://www.archive.org/details/kurzgefassteiris00wind

