=LDR  00925nam a2200301Ki 4500
=008  130515s1845\\\\ie\\\\\\o\\\\\000\0\eng\\
=041  0\$aengiri
=090   \$aPB1223$b.O4 1845eb
=100  1\$aO'Donovan, John,$d1809-1861.
=245  12$aA grammar of the Irish language$h[electronic resource] :$bpub. for the use of the senior classes in the College of St. Columbia /$cby John O'Donovan.
=260  \\$aDublin :$bHodges and Smith,$c1845.
=300  \\$alxxxviii, 459 p. :$bill. ;$c22 cm.
=650  \0$aIrish language$xGrammar.
=006  m        d        
=007  cr uuu---uuuuu
=040  \\$aBXM$cBXM
=533  \\$aElectronic reproduction.$bSan Francisco, Calif. :$cOpen Content Alliance,$d2013.$nMode of access: Internet.
=776  18$cOriginal$w(Alma)99118751800001021$w(OCoLC)ocm04346230
=940  \\$aOCA
=856  40$uhttp://www.archive.org/details/grammarofirishlan00odon

