=LDR  00824nam a2200301Ki 4500
=008  130515s1900\\\\ie\\\\\\o\\\\\000\0\eng\\
=041  0\$aengiri
=090   \$aPB1223$b.C7 1900eb
=100  1\$aCraig, J. P.$q(James Patrick)
=245  10$aModern Irish grammar$h[electronic resource] /$cby J. P. Craig.
=260  \\$aDublin :$bSealy, Bryers & Walker,$c1900.
=300  \\$axx, 163 p. ;$c19 cm.
=650  \0$aIrish language$xGrammar.
=006  m        d        
=007  cr uuu---uuuuu
=040  \\$aBXM$cBXM
=533  \\$aElectronic reproduction.$bSan Francisco, Calif. :$cOpen Content Alliance,$d2013.$nMode of access: Internet.
=776  18$cOriginal$w(Alma)99118753200001021$w(OCoLC)ocm03720530
=940  \\$aOCA
=856  40$uhttp://www.archive.org/details/modernirishgramm00crai

