=LDR  01000nam a2200313Ki 4500
=008  130515s1907\\\\ie\\\\\\o\\\\\000\0\gle\d
=041  0\$agleeng
=090  \\$aPB1223$b.C475 1907eb
=110  2\$aChristian Brothers.
=245  10$aIrish composition$h[electronic resource] :$bsuitable for middle and senior grades, intermediate, and for university examinations /$cby the Christian Brothers.
=260  \\$aDublin :$bGill,$c1907.
=300  \\$avi, 279 p. ;$c19 cm.
=500  \\$aA sequel to "Aids to Irish composition."
=650  \0$aIrish language$xComposition and exercises.
=650  \0$aIrish language$xGrammar.
=006  m        d        
=007  cr uuu---uuuuu
=040  \\$aBXM$cBXM
=533  \\$aElectronic reproduction.$bSan Francisco, Calif. :$cOpen Content Alliance,$d2013.$nMode of access: Internet.
=776  18$cOriginal$w(Alma)99118753580001021$w(OCoLC)ocm03740368
=940  \\$aOCA
=856  40$uhttp://www.archive.org/details/irishcomposition00chri

