=LDR  01109nam a2200289Ki 4500
=008  130515s1904\\\\ie\b\\\\o\\\\\000\0\gle\d
=041  0\$agleeng
=090  \\$aPB1397.F5$bC6 1904eb
=100  0\$aFinn MacCumhaill,$d3rd cent.
=245  10$aMac-ġníoṁarṫa Ḟinn : slioċt Saltraċ Ċaisil =$bThe youthful exploits of Fionn : from the Saltair of Cashel : re-issue for the use of schools /$cthe ancient text, modern Irish version, new literal translation, vocabulary, notes, and map by David Comyn.
=246  3\$aYouthful exploits of Fionn
=260  \\$aDublin :$bM.H. Gill,$c1904.
=300  \\$a121 p. :$bfolded map ;$c17 cm.
=490  1\$aGaelic texts for students.
=700  1\$aComyn, David,$d1854-1907,$eeditor.
=700  1\$aÓ Maelconaire, Tuileagrach,$dfl. 1673.
=830  \0$aGaelic texts for students.
=006  m        d        
=007  cr uuu---uuuuu
=040  \\$aBXM$cBXM
=533  \\$aElectronic reproduction.$bSan Francisco, Calif. :$cOpen Content Alliance,$d2013.$nMode of access: Internet.
=776  18$cOriginal$w(Alma)99118766740001021$w(OCoLC)ocm06296787
=940  \\$aOCA

