=LDR  00673nam a2200217Ki 4500
=008  130515s1910\\\\ie\\\\\\o\\\\\000\d\gla\d
=090  \\$aPB1399.M152$bA46 1910eb
=100  1\$aMac Domhnaill, Tomás.
=245  10$aÁine agus Caoimhghin$h[electronic resource] :$bdráma éin-ghníomha.
=260  \\$aBaile Átha Cliath :$bClódhanna teo. ar n-a chur amach do Chonnradh na Gaedhilge,$c1910.
=300  \\$avi, 14 p. ;$c18 cm.
=006  m        d        
=007  cr uuu---uuuuu
=040  \\$aBXM$cBXM
=533  \\$aElectronic reproduction.$bSan Francisco, Calif. :$cOpen Content Alliance,$d2013.$nMode of access: Internet.
=776  18$cOriginal$w(Alma)99118766770001021$w(OCoLC)ocm81176558
=940  \\$aOCA

