=LDR  01321nam a2200301Ki 4500
=008  130515s1907\\\\ie\a\\\\o\\\\\000\1\gle\d
=041  0\$agleeng
=090  \\$aPB1399.O433$bC3 1907eb
=100  1\$aÓ Dubhghaill, Séamus,$d1855-1929.
=245  10$aCaṫair Conroí agus sgéalta eile$h[electronic resource] /$cTaḋg Méiṫ .i. Séamus Ua Duḃġaill do sgríoḃ i gcoṁair Oireaċtais 1902.
=260  \\$aI mBaile Áṫa Cliaṫ :$bAr n-a ċur amaċ do Ċonnraḋ na Gaeḋilge,$c1907.
=300  \\$a60 p. :$bill. ;$c19 cm.
=500  \\$a"An Seiseaḋ cur"--Cover.
=500  \\$aWritten for Oireachtas, 1902.
=505  0\$aCaṫair Conroí.--Ag dul amuġa.--Ag éaluġaḋ ó sgoil.--Cailín na mbráiṫre.--Cóṁarṫa na gealaiġe.--An gad mara nó ar lorg an ḃéarla.
=710  2\$aGaelic League (Ireland)
=740  0\$aCathair Conroí.
=776  18$iOnline version:$aÓ Dubhghaill, Séamus, 1855-1929.$tCaṫair Conroí agus sgéalta eile.$dI mBaile Áṫa Cliaṫ : Ar n-a ċur amaċ do Ċonnraḋ na Gaeḋilge, 1907$w(OCoLC)682360437
=006  m        d        
=007  cr uuu---uuuuu
=040  \\$aBXM$cBXM
=533  \\$aElectronic reproduction.$bSan Francisco, Calif. :$cOpen Content Alliance,$d2013.$nMode of access: Internet.
=776  18$cOriginal$w(Alma)99118766880001021$w(OCoLC)ocm32571367
=940  \\$aOCA

