=LDR  01232nam a2200349Ki 4500
=008  130515s1911\\\\ie\\\\\\o\\\\\001\0\eng\d
=041  0\$aengiri
=043  \\$ae-ie---
=090  \\$aPB1202$b.A2 vol. 17 1911eb
=245  00$aBetha Colmáin maic Lúacháin =$bLife of Colmán son of Lúachan /$cedited from a ms. in the library of Rennes, with translation, introd., notes, and indices by Kuno Meyer.
=260  \\$aDublin :$bHodges, Figgis;$aLondon :$bWilliams & Norgate,$c1911.
=300  \\$axvii, 142 p. ;$c23 cm.
=490  1\$aRoyal Irish Academy. Todd lecture series ;$vv. 17
=500  \\$aIrish and English on opposite pages.
=500  \\$aIncludes indexes.
=600  00$aColman,$cSaint,$dd. 689?
=650  \0$aSaints$zIreland$vBiography.
=650  \0$aIrish literature.
=700  1\$aMeyer, Kuno,$d1858-1919$eed. and tr.
=710  1\$aRennes (France).$bBibliotheque municipale.
=830  \0$aTodd lecture series$vv. 17.
=006  m        d        
=007  cr uuu---uuuuu
=040  \\$aBXM$cBXM
=533  \\$aElectronic reproduction.$bSan Francisco, Calif. :$cOpen Content Alliance,$d2013.$nMode of access: Internet.
=776  18$cOriginal$w(Alma)99118913080001021$w(OCoLC)ocm02746706
=940  \\$aOCA
=856  40$uhttp://www.archive.org/details/bethacolminmaicl00meye

