=LDR  00986nam a2200313Ki 4500
=008  130515s1899\\\\ie\\\\\\o\\\\\000\0\gle\d
=041  0\$aenggle
=090  \\$aPB1227$b.O526 1899eb
=100  1\$aO'Leary, Peter,$d1839-1920.
=245  10$aMion-ċaint$h[electronic resource] :$ban easy Irish phrase book /$ccompiled for the Gaelic League by the Rev. Peter O'Leary.
=246  30$aMion-chaint
=246  30$aEasy Irish phrase book
=260  \\$aDublin :$bGaelic League,$c1899.
=300  \\$a67 p. ;$c19 cm.
=440  \0$aGaelic League publications
=546  \\$aIrish and English in parallel columns.
=650  \0$aIrish language$vConversation and phrase books.
=710  2\$aGaelic League (Ireland)
=006  m        d        
=007  cr uuu---uuuuu
=040  \\$aBXM$cBXM
=533  \\$aElectronic reproduction.$bSan Francisco, Calif. :$cOpen Content Alliance,$d2013.$nMode of access: Internet.
=776  18$cOriginal$w(Alma)99119028300001021$w(OCoLC)ocm35336282
=940  \\$aOCA
=856  40$uhttp://www.archive.org/details/mionainteasyiris00olea

