=LDR  00944nam a2200289Ki 4500
=008  130515s1906\\\\ie\\\\\\o\\\\\000\0\gle\d
=041  1\$aeng$hgle
=090  \\$aPB1227$b.O49 1906eb
=100  1\$aÓ hAodha, Tomás.
=245  10$aCainnt scoile =$bSchool talk, an Irish-English conversation book for use in elementary schools and Gaelic League classes.$nPart 2 /$cby Tomás o hAoḋa.
=246  30$aSchool talk
=260  \\$aDublin :$bFallon,$c1906.
=300  \\$a24 p. ;$c18 cm.
=490  0\$aSchool and college series
=546  \\$aText in Irish with English translation.
=650  \0$aIrish language$vConversation and phrase books.
=006  m        d        
=007  cr uuu---uuuuu
=040  \\$aBXM$cBXM
=533  \\$aElectronic reproduction.$bSan Francisco, Calif. :$cOpen Content Alliance,$d2013.$nMode of access: Internet.
=776  18$cOriginal$w(Alma)99119037580001021$w(OCoLC)ocm49701843
=940  \\$aOCA
=856  40$uhttp://www.archive.org/details/cainntscoilescho00haod

