=LDR  00848nam a2200301Ki 4500
=008  130515s1919\\\\ie\\\\\\o\\\\\000\0\gle\d
=041  0\$agleeng
=090  \\$aPB1225$b.T28 1919eb
=245  00$aTaiḋḃse an chrainn$h[electronic resource].
=246  3\$aTaidhbhse an chrainn
=250  \\$a14th ed.
=260  \\$aDublin :$bPrinted by J. Falconer,$c1919.
=300  \\$a20 p. ;$c19 cm.
=440  \0$aEasy Irish texts ;$v1
=500  \\$a"With complete vocabulary."
=546  \\$aText in Irish; glossary in Irish and English
=650  \0$aIrish language$vReaders.
=006  m        d        
=007  cr uuu---uuuuu
=040  \\$aBXM$cBXM
=533  \\$aElectronic reproduction.$bSan Francisco, Calif. :$cOpen Content Alliance,$d2013.$nMode of access: Internet.
=776  18$cOriginal$w(Alma)99119037710001021$w(OCoLC)ocm49701842
=940  \\$aOCA
=856  40$uhttp://www.archive.org/details/taisechrainn00dubl

