=LDR  00938nam a2200301Ki 4500
=008  130515s1922\\\\ie\\\\\\o\\\\\000\0\gle\d
=041  0\$agleeng
=090  \\$aPB1227$b.N534 1922eb
=100  1\$aNí Cheallacháin Máire.
=245  10$aIrish at school, or =$bGaeḋilg sa scoil.$nBook 1 /$cby Máire Ní Ċeallaċáin.
=246  30$aGaeḋilg sa scoil
=246  3\$aGaeilge sa scoil
=260  \\$aDublin :$bM.H. Gill,$c1922.
=300  \\$a80 p. ;$c22 cm.
=440  \0$aFé ḃrat Ḃriġde
=546  \\$aIrish, Irish pronunciation, and English in parallel columns.
=650  \0$aIrish language$vConversation and phrase books.
=006  m        d        
=007  cr uuu---uuuuu
=040  \\$aBXM$cBXM
=533  \\$aElectronic reproduction.$bSan Francisco, Calif. :$cOpen Content Alliance,$d2013.$nMode of access: Internet.
=776  18$cOriginal$w(Alma)99119039600001021$w(OCoLC)ocm49701209
=940  \\$aOCA
=856  40$uhttp://www.archive.org/details/irishatschoolorg00nche

