=LDR  01028nam a2200313Ki 4500
=008  130515s1901\\\\ie\\\\\\o\\\\\000\0\gle\d
=041  0\$agleeng
=090  \\$aPB1227$b.N45 1901eb
=100  1\$aNeilson, William,$d1774-1821.
=245  10$aRáiteaċas$h[electronic resource] /$car n-a ḃaint as gramadaiġ Uilliaim Ṁic Néill.
=246  3\$aRáiteachas
=260  \\$aI mBaile Áṫa Cliaṫ :$bConnraḋ na Gaeḋilge,$c1901.
=300  \\$av. ;$c21 cm.
=490  1\$aLeaḃairíní Gaeḋilge le haġaiḋ an tsluaiġ ;$v2
=500  \\$aCover title.
=546  \\$aIrish and English in parallel columns.
=650  \0$aIrish language$vConversation and phrase books.
=830  \0$aLeabhairíní Gaeilge le haghaidh an tsluaigh ;$v2.
=006  m        d        
=007  cr uuu---uuuuu
=040  \\$aBXM$cBXM
=533  \\$aElectronic reproduction.$bSan Francisco, Calif. :$cOpen Content Alliance,$d2013.$nMode of access: Internet.
=776  18$cOriginal$w(Alma)99119040110001021$w(OCoLC)ocm27050063
=940  \\$aOCA
=856  40$uhttp://www.archive.org/details/riteaas00neil

