=LDR  00820nam a2200265Ki 4500
=008  130515s1922\\\\ie\a\\\\o\\\\\000\f\gle\d
=090  \\$aPB1399.O797$bJ56 1922eb
=100  1\$aÓ Siochfhradha, Pádraig,$d1883-1964.
=245  10$aJimín Ṁáire Ṫaiḋg$h[electronic resource] /$c"An Seaḃac" do scríoḃ (Pádraig Ó Sioċḟraḋa)
=246  3\$aJimín Mháire Thaidhg
=250  \\$aSchool ed.
=260  \\$aBaile Áṫa Cliaṫ :$bMaunsel agus Roberts,$c1922.
=300  \\$a115 p. :$bill. ;$c19 cm.
=650  \0$aIrish language.
=006  m        d        
=007  cr uuu---uuuuu
=040  \\$aBXM$cBXM
=533  \\$aElectronic reproduction.$bSan Francisco, Calif. :$cOpen Content Alliance,$d2013.$nMode of access: Internet.
=776  18$cOriginal$w(Alma)99119052310001021$w(OCoLC)ocm49706839
=940  \\$aOCA

