=LDR  01079nam a2200277Ki 4500
=008  130515s1900\\\\enkb\\\\o\\\\\001\0dgler\
=041  0\$agleeng
=090   0$aPB1347$b.I7 vol.3 1900eb
=100  1\$aO'Rahilly, Egan,$dfl. 1670-1724.
=245  10$aDánta Aodhagáin Uí Rathaille$h[electronic resource] :$bthe poems of Egan O'Rahilly, to which are added miscellaneous pieces illustrating their subjects and languages /$ced. with introduction, translation, notes and glossary by Rev. Patrick S. Dinneen, M.A.
=260  \\$aLondon :$bPublished for the Irish Texts Society by D. Nutt,$c1900.
=300  \\$alxii p., 304 p. , 14 p. ;$c23 cm.
=490  1\$aIrish Texts Society$v3
=700  1\$aDinneen, Patrick S.$q(Patrick Stephen),$d1860-1934.
=830  \0$aIrish Texts Society (Series) ;$vv. 3.
=006  m        d        
=007  cr uuu---uuuuu
=040  \\$aBXM$cBXM
=533  \\$aElectronic reproduction.$bSan Francisco, Calif. :$cOpen Content Alliance,$d2013.$nMode of access: Internet.
=776  18$cOriginal$w(Alma)99119766630001021$w(OCoLC)ocm09417646
=940  \\$aOCA

