=LDR  00823nam a2200265Ki 4500
=008  130515s1915\\\\ie\a\\\\o\\\\\000\0\gle\d
=041  0\$agleeng
=090  \\$aPB1225$b.D37 1915eb
=245  03$aAn dara leaḃar$h[electronic resource] :$bGaeḋilg agus Béarla.
=246  3\$aDara leabhar
=246  3\$aGaeḋilg agus Béarla, an dara leaḃar
=260  \\$aBaile Áṫa Cliaṫ :$bar n-a ċur amaċ do Connraḋ na Gaeḋilge,$c1915.
=300  \\$a111 p. :$bill. ;$c18 cm.
=546  \\$aSection 1 in Irish; section 2 in English.
=650  \0$aIrish language$vReaders.
=006  m        d        
=007  cr uuu---uuuuu
=040  \\$aBXM$cBXM
=533  \\$aElectronic reproduction.$bSan Francisco, Calif. :$cOpen Content Alliance,$d2013.$nMode of access: Internet.
=776  18$cOriginal$w(Alma)99120338800001021$w(OCoLC)ocm49253831
=940  \\$aOCA
=856  40$uhttp://www.archive.org/details/daraleaargaeilga00bail

