=LDR  00812nam a2200241Ki 4500
=008  130515s1915\\\\ie\\\\\\o\\\\\000\0\gle\d
=041  0\$agleeng
=090  \\$aPB1225$b.R43 1915eb
=245  00$aRéalta de'n spéir$h[electronic resource] :$bleaḃar léiġṫeoreaċta iolsgol agus árdsgol /$cSeosaṁ Laoide do ċuir i n-eagar.
=260  \\$aI mBaile Áṫa Cliaṫ :$bClóḋanna, ar n-a ċur amaċ do Ċonnraḋ na Gaeḋilge,$c1915.
=300  \\$av, [3], 242 p. ;$c22 cm.
=650  \0$aIrish language$vReaders.
=700  1\$aLaoide, Seosamh,$dd. 1939.
=006  m        d        
=007  cr uuu---uuuuu
=040  \\$aBXM$cBXM
=533  \\$aElectronic reproduction.$bSan Francisco, Calif. :$cOpen Content Alliance,$d2013.$nMode of access: Internet.
=776  18$cOriginal$w(Alma)99120341760001021$w(OCoLC)ocm06508916
=940  \\$aOCA
=856  40$uhttp://www.archive.org/details/raltadenspirleaa00laoi

