=LDR  00840nam a2200265Ki 4500
=008  130515s1914\\\\ie\a\\\\o\\\\\000\0\gle\d
=041  0\$agleeng
=090  \\$aPB1225$b.C437 1914eb
=245  03$aAn ceaṫraṁaḋ leaḃar Gaeḋilg$h[electronic resource].
=246  3\$aCeathramhadh leabhar Gaedhilg
=246  3\$aGaeḋilg, an ceaṫraṁaḋ leaḃar
=260  \\$aBaile Áṫa Cliaṫ :$bConnraḋ na Gaeḋilge,$c1914.
=300  \\$avi, 141 p. :$bill. ;$c20 cm.
=546  \\$aStories and poems in Irish with notes and word lists in English.
=650  \0$aIrish language$vReaders.
=006  m        d        
=007  cr uuu---uuuuu
=040  \\$aBXM$cBXM
=533  \\$aElectronic reproduction.$bSan Francisco, Calif. :$cOpen Content Alliance,$d2013.$nMode of access: Internet.
=776  18$cOriginal$w(Alma)99120344100001021$w(OCoLC)ocm49240820
=940  \\$aOCA
=856  40$uhttp://www.archive.org/details/cearaaleaargaeil00bail

