=LDR  01289nam a2200337Ki 4500
=008  130515s1904\\\\ie\\\\\\o\\\\\000\0\gle\d
=041  0\$agleeng
=090  \\$aPB1225$b.O533 1904eb
=100  1\$aÓ Laoghaire, Pádraig.
=245  10$aPáidín O Dálaiġ$h[electronic resource] :$ban dara roinn de sgéaluiḋeaċt ċuige muṁan /$cag Pádraig Ó Laoġaire ; Seosaṁ Taoide do ċuir i n-eagar.
=246  3\$aPáidín O Dálaigh
=260  \\$aBaile Áṫa Cliaṫ :$bar n-a ċur amaċ do Ċonnraḋ na Gaeḋilge,$c1904.
=300  \\$a61 p. ;$c18 cm.
=440  \0$aLeaḃairíní Gaeḋilge le haġaiḋ an tsluaiġ ;$v15
=490  1\$aLeaḃairíní Gaeḋilge le haġaiḋ an tSluaiġ ;$v15
=546  \\$aText in Irish with glossary in Irish and English.
=650  \0$aIrish language$vReaders.
=650  \0$aFolk literature, Irish$zIreland$zMunster.
=700  1\$aLaoide, Seosamh,$dd. 1939.
=773  18$w(Aleph)001919817BCL50$gno. 39031011757309
=830  \0$aLeabhairíní Gaedhilge le haghaidh an tSluaigh ;$v15.
=006  m        d        
=007  cr uuu---uuuuu
=040  \\$aBXM$cBXM
=533  \\$aElectronic reproduction.$bSan Francisco, Calif. :$cOpen Content Alliance,$d2013.$nMode of access: Internet.
=776  18$cOriginal$w(Alma)99120352600001021$w(OCoLC)ocm39779091
=940  \\$aOCA
=856  40$uhttp://www.archive.org/details/pidnodlaidararoi00laog

