=LDR  01211nam a2200325Ki 4500
=008  130515s1908\\\\ie\\\\\\o\\\\\000\0\gle\d
=041  0\$agleeng
=090  \\$aPB1225$b.O534 1908eb
=100  1\$aÓ Laoghaire, Pádraig.
=245  10$aRí na mBréag$h[electronic resource] :$ban treas roinn de sgéaluiḋeaċt ċuige muṁan /$cag Pádraig Ó Laoġaire ; Seosaṁ Taoide do ċuir i n-eagar.
=260  \\$aBaile Áṫa Cliaṫ :$bar n-a ċur amaċ do Ċonnraḋ na Gaeḋilge,$c1908.
=300  \\$a8 p. ;$c18 cm.
=440  \0$aLeaḃairíní Gaeḋilge le haġaiḋ an tsluaiġ ;$v17
=490  1\$aLeaḃairíní Gaeḋilge le haġaiḋ an tSluaiġ ;$v17
=500  \\$aCover title.
=650  \0$aIrish language$vReaders.
=650  \0$aFolk literature, Irish$zIreland$zMunster.
=700  1\$aLaoide, Seosamh,$dd. 1939.
=773  18$w(Aleph)001919817BCL50$gno. 39031011757309
=830  \0$aLeabhairíní Gaedhilge le haghaidh an tSluaigh ;$v17.
=006  m        d        
=007  cr uuu---uuuuu
=040  \\$aBXM$cBXM
=533  \\$aElectronic reproduction.$bSan Francisco, Calif. :$cOpen Content Alliance,$d2013.$nMode of access: Internet.
=776  18$cOriginal$w(Alma)99120352640001021$w(OCoLC)ocm39779101
=940  \\$aOCA
=856  40$uhttp://www.archive.org/details/rnambragtreasroi00laog

