=LDR  01192nam a2200313Ki 4500
=008  130515s1906\\\\ie\\\\\\o\\\\\000\0\gle\d
=041  0\$agleeng
=090  \\$aPB1225$b.O53 1906eb
=100  1\$aÓ Laoghaire, Pádraig.
=245  10$aMáire Ní Rógáin$h[electronic resource] :$ban seiseaḋ roinn de sgéaluiḋeacht ċúige Muṁan /$cag Pádraig Ó Laoġaire ; Seosaṁ Laoide do ċuir i n-eagar.
=260  \\$aBaile Áṫa Cliaṫ :$bar n-a ċur amaċ Ċonnraḋ na Gaeḋilge,$c1906.
=300  \\$a19 p. ;$c18 cm.
=440  \0$aLeaḃairíní Gaeḋilge le haġaiḋ an tsluaiġ ;$v26
=490  1\$aLeaḃairíní Gaeḋilge le haġaiḋ an tSluaiġ ;$v26
=546  \\$aText in Irish with glossary in Irish and English.
=650  \0$aIrish language$vReaders.
=650  \0$aFolk literature, Irish$zIreland$zMunster.
=700  1\$aLaoide, Seosamh,$dd. 1939.
=830  \0$aLeabhairíní Gaedhilge le haghaidh an tSluaigh ;$v26.
=006  m        d        
=007  cr uuu---uuuuu
=040  \\$aBXM$cBXM
=533  \\$aElectronic reproduction.$bSan Francisco, Calif. :$cOpen Content Alliance,$d2013.$nMode of access: Internet.
=776  18$cOriginal$w(Alma)99120352680001021$w(OCoLC)ocm49265239
=940  \\$aOCA
=856  40$uhttp://www.archive.org/details/mirenrginseisear00laog

