=LDR  00659nam a2200229Ki 4500
=008  130515s1918\\\\ie\a\\\\o\\\\\000\0\gle\d
=090  \\$aPB1225$b.D36 1918eb
=245  03$aAn dara leaḃar$h[electronic resource].
=246  3\$aDara leabhar
=260  \\$aBaile Áṫa Cliaṫ :$bar n-a ċur amaċ do Ċonnraḋ na Gaeḋilge,$c1918.
=300  \\$a64 p. :$bill. ;$c18 cm.
=650  \0$aIrish language$vReaders.
=006  m        d        
=007  cr uuu---uuuuu
=040  \\$aBXM$cBXM
=533  \\$aElectronic reproduction.$bSan Francisco, Calif. :$cOpen Content Alliance,$d2013.$nMode of access: Internet.
=776  18$cOriginal$w(Alma)99120352720001021$w(OCoLC)ocm49265219
=940  \\$aOCA
=856  40$uhttp://www.archive.org/details/daraleaar00bail

