=LDR  00968nam a2200301Ki 4500
=008  120610s19uu\\\\ie\\\\\\\\\\\\000\0\gle\d
=041  0\$agleeng
=090  \\$aPB1225$b.O229 1900z 0eb
=100  1\$aÓ Catháin, Peadar.
=245  10$aCeaċta sgoile.$nCuid a hAon$h[electronic resource] /$cPeadar Ó Caṫáin do sgríoḃ.
=246  3\$aCeachta sgoile
=250  \\$a8th ed.
=260  \\$a[Baile Áṫa Cliaṫ :$bCoṁluċt Oideaċais na hÉireann,$c19--?]
=300  \\$avi, 43 p. ;$c17 cm.
=500  \\$a"Sanctioned by the Commissioners for School Use."
=546  \\$aText in Irish with explanatory material in English.
=650  \0$aIrish language$vReaders.
=650  \0$aIrish language$xStudy and teaching.
=006  m        d        
=007  cr uuu---uuuuu
=040  \\$aBXM$cBXM
=533  \\$aElectronic reproduction.$bSan Francisco, Calif. :$cOpen Content Alliance,$d2013.$nMode of access: Internet.
=776  18$cOriginal$w(Alma)99120352900001021$w(OCoLC)ocm49265202
=940  \\$aOCA
=856  40$uhttp://www.archive.org/details/ceatasgoile00cath

