=LDR  01006nam a2200313Ki 4500
=008  130515s1905\\\\ie\\\\\\o\\\\\000\0biri\d
=090  \\$aPB1225.C711$bG6 1905eb
=100  1\$aÓ Concheanainn, Tomás,$d1870-1960.
=240  10$aGormfhlaith
=245  10$aGormḟlaiṫ$h[electronic resource] :$binġean árd-ríoġ Éireann /$cTomás Ua Conceanainn do sgríoḃ.
=260  \\$aI mBaile Áṫa Cliaṫ :$bar n-a ċur amaċ do Ċonnraḋ na Gaeḋilge,$c1905.
=300  \\$a32 p. ;$c17 cm.
=440  \0$aSgéalta nua-ḋéanta ;$v8
=600  00$aGormflaith,$cdaughter of Flann Sionna, King of Tara,$dca. 870-919.
=006  m        d        
=007  cr uuu---uuuuu
=040  \\$aBXM$cBXM
=533  \\$aElectronic reproduction.$bSan Francisco, Calif. :$cOpen Content Alliance,$d2013.$nMode of access: Internet.
=776  18$cOriginal$w(Alma)99121258320001021$w(OCoLC)ocm06721033
=940  \\$aOCA
=856  40$uhttp://www.archive.org/details/gormlaiineanrdro00conc

