=LDR  00953nam a2200313Ki 4500
=008  130515s1904\\\\ie\a\\\jo\\\\\000\1\gle\d
=041  0\$agleeng
=090  \\$aPB1225$b.C8 1904eb
=100  1\$aCraig, J. P.$q(James Patrick)
=240  10$aIasgaireacht Séamuis bhig
=245  10$aIasgaireaċt Ṡéamuis ḃig$h[electronic resource] /$cle Séamus 'A Creag.
=260  \\$aDublin :$bSealy, Bryers, & Walker,$c1904.
=300  \\$a121 p. :$bill. ;$c19 cm.
=440  \0$aModern Irish texts ;$v4
=500  \\$aSeries statement from cover.
=546  \\$aText in Irish with glossary and notes in Irish and English.
=650  \0$aIrish language$vReaders.
=006  m        d        
=007  cr uuu---uuuuu
=040  \\$aBXM$cBXM
=533  \\$aElectronic reproduction.$bSan Francisco, Calif. :$cOpen Content Alliance,$d2013.$nMode of access: Internet.
=776  18$cOriginal$w(Alma)99121258640001021$w(OCoLC)ocm06247096
=940  \\$aOCA
=856  40$uhttp://www.archive.org/details/iasgaireatamuisi00crai

