=LDR  00761nam a2200241Ki 4500
=008  130515s1922\\\\ie\a\\\\o\\\\\000\1\gle\d
=090  \\$aPB1399.S6$bS4 1922eb
=100  1\$aÓ Siochfhradha, Pádraig,$d1883-1964.
=245  10$aSeáinín$h[electronic resource] :$bnó eaċtra mic mí-rialta /$c"An seaḃac" (Pádraig Ó Sioċḟraḋa) do scríoḃ.
=260  \\$aBaile Áṫa Cliaṫ :$bMaunsel agus Roberts,$c1922.
=300  \\$a129 p. :$bill. ;$c20 cm.
=500  \\$aNovel.
=006  m        d        
=007  cr uuu---uuuuu
=040  \\$aBXM$cBXM
=533  \\$aElectronic reproduction.$bSan Francisco, Calif. :$cOpen Content Alliance,$d2013.$nMode of access: Internet.
=776  18$cOriginal$w(Alma)99121406960001021$w(OCoLC)ocm20307617
=940  \\$aOCA

