=LDR  01152nam a2200313Ki 4500
=008  130515m19051911ie\\\\\\odr\\\000\0\gle\d
=041  0\$agleeng
=043  \\$ae-ie---
=090  \\$aPB1295$b.P67 1905eb
=245  00$aPost-ṡeanċas$h[electronic resource] :$bi n-a ḃfuil cúigí, dúiṫċí, conntaeṫe, & bailte puist na h-Éireann /$cSeosaṁ Laoide do ċuir i n-eagar.
=246  3\$aPost-sheanchas
=260  \\$aI mBaile Áṫa Cliaṫ :$bar n-a ċur amaċ do Ċonnraḋ na Gaeḋilge,$c1905-1911.
=300  \\$a2 v. ;$c18 cm.
=500  \\$aDirectory of place names for postal use.
=505  0\$aCuid I. Sacsḃéarla-Gaeḋilg -- Cuid II. Gaeḋilg-Sacsḃéarla.
=650  \0$aIrish language$vGlossaries, vocabularies, etc.
=650  \0$aIrish language$vTerms and phrases.
=650  \0$aPostal service$zIreland$vDirectories.
=700  1\$aLaoide, Seosamh,$dd. 1939.
=006  m        d        
=007  cr uuu---uuuuu
=040  \\$aBXM$cBXM
=533  \\$aElectronic reproduction.$bSan Francisco, Calif. :$cOpen Content Alliance,$d2013.$nMode of access: Internet.
=776  18$cOriginal$w(Alma)99122019170001021$w(OCoLC)ocm06999392
=940  \\$aOCA
=856  40$3cuid 1$uhttp://www.archive.org/details/posteanasinafuil01laoi
=856  40$3cuid 2$uhttp://www.archive.org/details/posteanasinafuil02laoi

