=LDR  01016nam a2200301Ki 4500
=008  130515s1907\\\\ie\\\\\\o\\\\\001\0\gle\d
=041  0\$agleeng
=090  \\$aPB1225$b.T35 1907eb
=130  0\$aTáin bó Cúailnge.$kSelections.
=245  10$aDearg-ruaṫar Ċonaill Ċearnaiġ$h[electronic resource] :$bsgéal ruḋraiġeaċta /$cSeosaṁ Laoide do ċuir i n-eagar.
=246  3\$aDearg-ruathar Chonaill Chearnaigh
=260  \\$ai mBaile Áṫa Cliaṫ :$bar n-a ċur amaċ do Ċonnraḋ na Gaeḋilge,$c1907.
=300  \\$aviii, 116 p. ;$c17 cm.
=500  \\$aIncludes indexes.
=546  \\$aText in Irish with glossary in Irish and English.
=650  \0$aIrish language$vReaders.
=650  \0$aFolklore$zIreland.
=700  1\$aLaoide, Seosamh,$dd. 1939.
=006  m        d        
=007  cr uuu---uuuuu
=040  \\$aBXM$cBXM
=533  \\$aElectronic reproduction.$bSan Francisco, Calif. :$cOpen Content Alliance,$d2013.$nMode of access: Internet.
=776  18$cOriginal$w(Alma)99122020690001021$w(OCoLC)ocm06283312
=940  \\$aOCA
=856  40$uhttp://www.archive.org/details/deargruaaronaill00laoi

