=LDR  00713nam a2200241Ki 4500
=008  130515s1902\\\\xx\\\\\\o\\\\\000\0\gle\d
=090  \\$aPB1225$b.C75 1902eb
=110  2\$aConnradh na Gaedhilge.
=245  13$aAn céad léightheóir Gaedhilge$h[electronic resource].
=260  \\$aBaile Átha Cliath :$bConnradh na Gaedhilge,$c1902.
=300  \\$a64 p. :$bill. ;$c17 cm.
=650  \0$aIrish language$xStudy and teaching.
=650  \0$aIrish language$vTextbooks.
=006  m        d        
=007  cr uuu---uuuuu
=040  \\$aBXM$cBXM
=533  \\$aElectronic reproduction.$bSan Francisco, Calif. :$cOpen Content Alliance,$d2013.$nMode of access: Internet.
=776  18$cOriginal$w(Alma)99122021630001021$w(OCoLC)ocm15674567
=940  \\$aOCA
=856  40$uhttp://www.archive.org/details/cadlightheirgaed00conn

