=LDR  00703nam a2200229Ki 4500
=008  130515s1920\\\\ie\\\\\\o\\\\\000\0\eng\d
=090  \\$aPB1225$b.B87 1920eb
=110  2\$aCongregation of Christian Brothers
=245  10$aTeachers' companion to Irish composition$h[electronic resource] /$cby the Christian Brothers.
=260  \\$aDublin :$bGill ;$aLondon :$bBurns & Oates,$c1920.
=300  \\$a142 p.;$c18 cm.
=650  \0$aIrish language$xComposition.
=006  m        d        
=007  cr uuu---uuuuu
=040  \\$aBXM$cBXM
=533  \\$aElectronic reproduction.$bSan Francisco, Calif. :$cOpen Content Alliance,$d2013.$nMode of access: Internet.
=776  18$cOriginal$w(Alma)99122029450001021$w(OCoLC)ocm10926661
=940  \\$aOCA
=856  40$uhttp://www.archive.org/details/teacherscompanio00cong

