=LDR  01090nam a2200289Ki 4500
=008  130515s1910\\\\ie\\\\\\o\\\\\000\0\gle\d
=041  0\$agleeng
=090  \\$aPB1223$b.L982 1910eb
=100  1\$aLynch, Denis M.
=245  10$aComplete course of Irish composition$h[electronic resource] :$bwith full vocabularies, idiomatic sentences, selected continuous pieces, examples of the irregular verbs, and A treatise on prosody for use in intermediate and other schools and Gaelic league classes /$cby Denis M. Lynch.
=250  \\$a2nd ed., rev. and extended.
=260  \\$aDublin :$bGill,$c1910.
=300  \\$aviii, 124 p. ;$c19 cm.
=650  \0$aIrish language$xComposition and exercises.
=650  \0$aIrish language$xGrammar.
=650  \0$aIrish language$xVersification.
=710  2\$aIrish Self-Determination League of Great Britain.
=006  m        d        
=007  cr uuu---uuuuu
=040  \\$aBXM$cBXM
=533  \\$aElectronic reproduction.$bSan Francisco, Calif. :$cOpen Content Alliance,$d2013.$nMode of access: Internet.
=776  18$cOriginal$w(Alma)99122029590001021$w(OCoLC)ocm03928079
=940  \\$aOCA
=856  40$uhttp://www.archive.org/details/completecourseof00lync

