=LDR  01260nam a2200349Ki 4500
=008  130515s1916\\\\enkc\\\\o\\\\\000\0dirix\
=041  0\$airieng
=090   \$aPB1347$b.I7 vol. 17 1916eb
=100  1\$aCarolan, Turlough,$d1670-1738.
=245  10$aAṁráin Ċearḃalláin$h[electronic resource] :$bthe poems of Carolan together with other N. Connacht and S. Ulster lyrics /$ced. with introduction, notes and vocabulary by Tomás Ó Máille.
=246  3\$aAmhráin Chearbhalláin
=260  \\$aLondon :$bThe Irish Texts Society,$c1916.
=300  \\$axv, 423 p. :$bfront. (port.) ;$c23 cm.
=490  1\$aIrish Texts Society. [Publications]$vvol. 17
=500  \\$a"The manuscripts": p. 46-52. "The language of the poems": p. 52-108.
=500  \\$a"List of works referred to": 1 leaf following p. xv.
=650  \0$aBallads, Irish.
=650  \0$aIrish poetry.
=700  1\$aÓ Máille, Tomás,$d1880-1938.
=830  \0$aIrish Texts Society (Series) ;$vvol. 17..
=006  m        d        
=007  cr uuu---uuuuu
=040  \\$aBXM$cBXM
=533  \\$aElectronic reproduction.$bSan Francisco, Calif. :$cOpen Content Alliance,$d2013.$nMode of access: Internet.
=776  18$cOriginal$w(Alma)99122299470001021$w(OCoLC)ocm05703569
=940  \\$aOCA

