=LDR  00902nam a2200265Ki 4500
=008  130515m19051906ie\\\\\\o\\\\\000\0\eng\d
=041  0\$aenggle
=090  \\$aPB1223$b.H42 1905eb
=100  1\$aHenry, John Patrick,$d1862-1930.
=245  12$aA hand-book of modern Irish$h[electronic resource] :$bspecially compiled for the use of students in intermediate schools and Gaelic League classes /$cby Seagán P. Mac Énrí (John P. Henry).
=246  30$aHandbook of modern Irish
=260  \\$aDublin :$bM.H. Gill,$c1904-1906.
=300  \\$a4 v. ;$c18 cm.
=546  \\$aText in English and Irish.
=650  \0$aIrish language$xGrammar.
=006  m        d        
=007  cr uuu---uuuuu
=040  \\$aBXM$cBXM
=533  \\$aElectronic reproduction.$bSan Francisco, Calif. :$cOpen Content Alliance,$d2013.$nMode of access: Internet.
=776  18$cOriginal$w(Alma)99122575440001021$w(OCoLC)ocm18237019
=940  \\$aOCA
=856  40$3pt.2$uhttp://www.archive.org/details/handbookofmodern02henr
=856  40$3pt.1$uhttp://www.archive.org/details/handbookofmodern01henr

