=LDR  01108nam a2200349Ki 4500
=008  130515s1901\\\\ie\\\\\\o\\\\\000\0\eng\d
=041  1\$aenggle$hgle
=043  \\$ae-ie---
=090  \\$aPB1398.C67$bM65 1901eb
=100  0\$aCorbmacán.
=245  10$aMóirthimchell Éirenn uile dorigne Muirchertach Mac Néill$h[electronic resource] /$cedited with translation and glossary by Edmund Hogan.
=260  \\$aDublin :$bGaelic League,$c1901.
=300  \\$a68 p. ;$c15 cm.
=500  \\$aPoem found in the Leabhar Gabhála.
=546  \\$aEnglish and Irish text on facing pages.
=650  \0$aEpic poetry, Irish.
=651  \0$aIreland$xHistory.$yTo 1172$vSources.
=700  1\$aHogan, Edmund.
=730  0\$aLebor Gabála Érenn.$lEnglish & Irish.$kSelections.
=006  m        d        
=007  cr uuu---uuuuu
=040  \\$aBXM$cBXM
=533  \\$aElectronic reproduction.$bSan Francisco, Calif. :$cOpen Content Alliance,$d2013.$nMode of access: Internet.
=776  18$cOriginal$w(Alma)99122941430001021$w(OCoLC)ocm21499400
=940  \\$aOCA

