=LDR  01400nam a2200361Ki 4500
=008  130515s1919\\\\enk\\\\\o\\\\\000\0\iri\c
=041  1\$airieng$hlat
=090   \$aPB1347$b.I7 vol. 19 1919eb
=245  00$aGabháltas Serluis Mhóir$h[electronic resource] :$bThe conquests of Charlemagne /$ced. from the Book of Lismore and three other vellum mss., by Douglas Hyde.
=246  31$aConquests of Charlemagne
=260  \\$aLondon :$bIrish texts society,$c1917 [i.e. 1919]
=300  \\$axv, 128, iii p. ;$c23cm.
=490  1\$aIrish texts society... [Publications] vol. XIX
=500  \\$aTranslation of Pseudo-Turpin's chronicle made from an (unknown Latin original "in or about 1400"; Irish and English on opposite pages. cf. Pref.
=500  \\$aImprint date lettered on back: (1917) 1919.
=504  \\$aBibliographical foot-notes and notes (p. [122]-128); Glossary: iii p. at end.
=600  00$aCharlemagne,$cEmperor,$d742-814$xRomances.
=700  0\$aPseudo-Turpin.
=700  1\$aHyde, Douglas,$d1860-1949$eed.
=730  0\$aBook of Lismore.
=830  \0$aIrish Texts Society (Series) ;$vvol. 19.
=006  m        d        
=007  cr uuu---uuuuu
=040  \\$aBXM$cBXM
=533  \\$aElectronic reproduction.$bSan Francisco, Calif. :$cOpen Content Alliance,$d2013.$nMode of access: Internet.
=776  18$cOriginal$w(Alma)99123058420001021$w(OCoLC)ocm01110620
=940  \\$aOCA

