=LDR  02308nam a2200433Ki 4500
=008  130515s1914\\\\enkabh\\o\\\\\000\0\eng\d
=041  0\$aengiri
=090   4$aPB1347$b.I7 vol. 16 1914eb
=245  00$aLife of St. Declan of Ardmore$h[electronic resource] :$b(edited from ms. in Bibliothèque royale, Brussels), and Life of St. Mochuda of Lismore, (edited from ms. in Library of Royal Irish Academy) /$cwith introduction, translation, and notes, by Rev. P. Power.
=246  30$aLife of St. Mochuda of Lismore
=246  3\$aBetha Decclain
=246  3\$aBeatha Mochuda
=246  18$aLives of S.S. Declan and Mochuda
=260  \\$aLondon :$bIrish Texts Society,$c1914.
=300  \\$axxxi, 202, 28 p., [2] leaves of plates (1 folded) :$bill., facsim., 1 folded map ;$c23 cm.
=490  1\$a[Publications] / Irish texts society ;$vv. 16
=500  \\$aEnglish and Irish on opposite pages.
=500  \\$aIncludes the Irish Texts Society's 16th annual report, list of members, etc. at back of volume (p. [1]-28).
=500  \\$aSpine title: Lives of S.S. Declan and Mochuda.
=500  \\$aIrish caption titles: Betha Decclain; Beatha Mochuda.
=500  \\$a"The life [of St. Declan] herewith presented was copied in 1629 by Brother Michael O'Clery ... from an older ms. of Eochy O'Heffernan's dated 1582 ... apparently O'Clery did more than transcribe, he re-edited, as was his wont, into the literary irish of his day ... The "Life" [of St. Mochuda of Carthach] ... is in its present form a comparatively late production, it was transcribed by [John Murphy] between 1740 and 1750".--Introduction.
=600  00$aDeclan,$cSaint, Bishop of Ardmore$xLegends.
=600  00$aCarthach,$cSaint, Bishop of Lismore,$dfl. 570-637$xLegends.
=700  1\$aO'Clery, Michael,$d1575-1643.
=700  1\$aPower, P.$q(Patrick),$d1862-1951
=710  2\$aRoyal Irish Academy.$bLibrary.$kManuscript.$nM. 23, 50.
=710  2\$aBibliothèque royale Albert Ier.$kManuscript.$n4190-4200.
=830  \0$aIrish Texts Society (Series) ;$vvol. 16..
=006  m        d        
=007  cr uuu---uuuuu
=040  \\$aBXM$cBXM
=533  \\$aElectronic reproduction.$bSan Francisco, Calif. :$cOpen Content Alliance,$d2013.$nMode of access: Internet.
=776  18$cOriginal$w(Alma)99123058680001021$w(OCoLC)ocm29446156
=940  \\$aOCA

