=LDR  01151nam a2200313Ki 4500
=008  130515s1907\\\\enk\\\\\o\\\\\000\0\eng\c
=090   \$aPB1347$b.I7 vol. 6 1907eb
=100  0\$aVirgil.
=240  10$aAeneis.$lIrish & English
=245  10$aImtheachta Æniasa$h[electronic resource] :$bThe Irish Æneid ; being a translation, made before A.D. 1400, of the XII books of Vergil's Ænid into Gaelic /$cThe Irish text, with translation into English, introduction, vocabulary, and notes, by Rev. George Calder.
=246  31$aIrish Æneid
=260  \\$aLondon :$bFor the Irish texts society by D. Nutt,$c1907.
=300  \\$axx, 238, 18 p. ;$c23 cm.
=490  1\$aIrish texts society... Vol. VI.
=504  \\$a"Authorities referred to or quoted" : p. XIX-XX.
=700  1\$aCalder, George,$d1859-1941,$eed.
=830  \0$aIrish Texts Society (Series) ;$vvol. 6.
=006  m        d        
=007  cr uuu---uuuuu
=040  \\$aBXM$cBXM
=533  \\$aElectronic reproduction.$bSan Francisco, Calif. :$cOpen Content Alliance,$d2013.$nMode of access: Internet.
=776  18$cOriginal$w(Alma)99123059260001021$w(OCoLC)ocm01200214
=940  \\$aOCA

