=LDR  01223nam a2200325Ki 4500
=008  130515s1911\\\\enkb\\\\o\\\\\001\0dirix\
=041  0\$airieng
=090   \$aPB1347$b.I7 vol. 3 1911eb
=100  1\$aO'Rahilly, Egan,$dfl. 1670-1724.
=245  10$aDánta Aoḋagáin Uí Raṫaille$h[electronic resource] :$bthe poems of Egan O'Rahilly /$cwith introduction, translation, notes and indexes, together with original illustrative documents, ed. by Rev. Patrick S. Dinneen, M.A., and Tadhg O'Donoghue.
=246  31$aPoems of Egan O'Rahilly
=250  \\$a2nd ed.
=260  \\$aLondon :$bPub. for the Irish Texts Society by D. Nutt,$c1911.
=300  \\$a1 p. l., lxii, 360 p. :$bfront. ;$c23 cm.
=490  1\$aIrish Texts Society.$vvol. 3, 1909
=700  1\$aDinneen, Patrick S.$q(Patrick Stephen),$d1860-1934$eed.
=700  1\$aÓ Donnchadha, Tadhg,$d1874-1930$ejoint ed.
=830  \0$aIrish Texts Society (Series) ;$vvol. 3.
=006  m        d        
=007  cr uuu---uuuuu
=040  \\$aBXM$cBXM
=533  \\$aElectronic reproduction.$bSan Francisco, Calif. :$cOpen Content Alliance,$d2013.$nMode of access: Internet.
=776  18$cOriginal$w(Alma)99123060340001021$w(OCoLC)ocm05703458
=940  \\$aOCA

