=LDR  01290nam a2200313Ki 4500
=008  130515m19101917enk\\\\\o\\\\\001\0\irix\
=041  0\$airieng
=090   \$aPB1347$b.I7 vol. 11, 13, 18 1910eb
=100  1\$aO Bruadair, Dáibhí,$dca. 1625-1698.
=245  10$aDuanaire Ḋáiḃiḋ Uí Ḃruadair$h[electronic resource] :$bThe poems of David Ó Bruadair /$cPts. I[-III] Ed. with introductions, translation, and notes by Rev. John C. MacErlean, S.J.
=246  31$aPoems of David Ó Bruadair
=260  \\$aLondon :$bFor the Irish Texts Society, by D. Nutt,$c1910-1917.
=300  \\$a3 v. ;$c23 cm.
=490  1\$aIrish texts Society.$vvols. 11, 13, 18
=505  0\$apt. I. Containing poems down to the year 1666.--pt. II. Containing poems from the year 1667 to 1682.--pt. III. Containing poems from the year 1682 till the poet's death in 1698. Glossary. Indexes to the three parts.
=700  1\$aMacErlean, John C.,$d1870-
=830  \0$aIrish Texts Society (Series) ;$vvol. 11, 13, 18..
=006  m        d        
=007  cr uuu---uuuuu
=040  \\$aBXM$cBXM
=533  \\$aElectronic reproduction.$bSan Francisco, Calif. :$cOpen Content Alliance,$d2013.$nMode of access: Internet.
=776  18$cOriginal$w(Alma)99123061040001021$w(OCoLC)ocm05764197
=940  \\$aOCA

