=LDR  01236nam a2200349Ki 4500
=008  130515s1913\\\\enk\\\\\o\\\\\000\0\iri\\
=041  0\$airieng
=090   \$aPB1347$b.I7 1913eb
=130  0\$aBuile Suibhne Geilt.
=245  10$aBuile Suibhne$h[electronic resource] :$b(The frenzy of Suibhne) being the adventures of Subhne Geilt, a Middle Irish romance /$cedited with translation, introduction, notes and glossary by J. G. O'Keeffe.
=246  30$aFrenzy of Suibhne
=260  \\$aLondon :$bPub. from the Irish Texts Society by D. Nutt,$c1913.
=300  \\$axxxviii, 198 p. ;$c23 cm.
=490  1\$aIrish Texts Society ;$vv. 12
=500  \\$aIrish and English on opposite pages.
=500  \\$a"The battle of Magh Rath": p. xix-xxx.
=600  00$aSuibhne Geilt.
=650  \0$aMagh Rath, Battle of, Ireland, 637.
=700  1\$aO'Keeffe, J. G.$q(James George),$d1865-1937.
=830  \0$aIrish Texts Society (Series) ;$vvol. 12.....
=006  m        d        
=007  cr uuu---uuuuu
=040  \\$aBXM$cBXM
=533  \\$aElectronic reproduction.$bSan Francisco, Calif. :$cOpen Content Alliance,$d2013.$nMode of access: Internet.
=776  18$cOriginal$w(Alma)99123062320001021$w(OCoLC)ocm03394807
=940  \\$aOCA

