=LDR  00878nam a2200289Ki 4500
=008  130515s1901\\\\ie\\\\\\o\\\\\001\0\iri\d
=041  0\$airieng
=090  \\$aPB1397.E188$bE23 1901eb
=130  0\$aEachtra Lomnochtáin.
=245  10$aEachtra Lomnochtáin$h[electronic resource] :$bIrish text /$cedited by Osborne J. Bergin and John MacNeill.
=260  \\$aDublin :$bGaelic league,$c190l.
=300  \\$a211 p. ;$c17 cm.
=440  \0$aGaelic League publications
=500  \\$aIncludes word index.
=700  1\$aBergin, Osborn,$d1873-1950$ejoint ed.
=700  1\$aMac Neill, Eoin,$d1867-1945,$ejoint ed.
=006  m        d        
=007  cr uuu---uuuuu
=040  \\$aBXM$cBXM
=533  \\$aElectronic reproduction.$bSan Francisco, Calif. :$cOpen Content Alliance,$d2013.$nMode of access: Internet.
=776  18$cOriginal$w(Alma)99123068170001021$w(OCoLC)ocm06500815
=940  \\$aOCA

