=LDR  01628nam a2200373Ki 4500
=008  130515s1918\\\\enk\\\\\o\\\\\000\0\iri\\
=041  0\$airieng
=090  \\$aPB1347$b.I7 vol. 20-21 1918eb
=130  0\$aIomarbhaidh na bhfileadh.
=245  10$aIomarbhaidh na bhfileadh$h[electronic resource] :$bthe Contention of the bards /$ced., with translation notes, glossaries, etc., by Rev. L. McKenna.
=246  31$aContention of the bards
=260  \\$aLondon :$bPub. for the Irish Texts Society by Simpkin, Marshall, Hamilton, Kent,$c1918 [i.e. 1920]
=300  \\$a2 v. ;$c23 cm.
=490  1\$aIrish Texts Society ;$vv. 20-21
=500  \\$aImprint date lettered on back: (1918.) 1920, (1919.) 1920.
=500  \\$aPaged continuously; Irish and English on opposite pages.
=500  \\$aControversy (in Deibhidh metre) between the court poets of the north and those of the south of Ireland at the beginning of the seventeenth century.
=500  \\$aIncludes material collected by Thomas O'Nolan, original projector of the edition. The appendix (p. [255]-264) is by Miss Eleanor Knott.
=500  \\$a"Presented in the first instance as a thesis" [Dublin, Nat. Univ. of Ireland?] cf. Foreword.
=650  \0$aIrish poetry.
=700  1\$aMcKenna, Lambert,$eed. and tr.
=830  \0$aIrish Texts Society (Series) ;$vvol. 20-21..
=006  m        d        
=007  cr uuu---uuuuu
=040  \\$aBXM$cBXM
=533  \\$aElectronic reproduction.$bSan Francisco, Calif. :$cOpen Content Alliance,$d2013.$nMode of access: Internet.
=776  18$cOriginal$w(Alma)99123069880001021$w(OCoLC)ocm03394775
=940  \\$aOCA

