=LDR  00901nam a2200265Ki 4500
=008  130515s1853\\\\gw\\\\\\o\\\\\001\0\lat\\
=090   \$aPB1019$b.Z6 1853eb
=100  1\$aZeuss, Johann Kaspar,$d1806-1856.
=245  10$aGrammatica celtica$h[electronic resource] :$bE monumentis vetustis tam hibernicae linguae quam britannicae dialecti, cambricae, cornicae, armoricae nec non e gallicae priscae reliquiis construxit /$cJ. C. Zeuss ...
=260  \\$aLipsiae :$bapud Weidmannos,$c1853.
=300  \\$a2 v. ;$c23 cm.
=500  \\$aPaged continuously.
=650  \0$aCeltic languages$xGrammar, Historical.
=006  m        d        
=007  cr uuu---uuuuu
=040  \\$aBXM$cBXM
=533  \\$aElectronic reproduction.$bSan Francisco, Calif. :$cOpen Content Alliance,$d2013.$nMode of access: Internet.
=776  18$cOriginal$w(Alma)99124282500001021$w(OCoLC)ocm02533654
=940  \\$aOCA
=856  40$uhttp://www.archive.org/details/grammaticaceltica00zeus

