=LDR  00733nam a2200241Ki 4500
=008  130515s1911\\\\mau\\\\\o\\\\\000\0\eng\d
=090  \\$aPB1216$b.D33 1911eb
=100  1\$aO'Daly, P. J.
=245  14$aThe Irish vindicator both of race and language$h[electronic resource] :$ban appeal to the Irish race to save the Irish language /$cby P.J. O'Daly.
=260  \\$aBoston :$bAngel Guardian Press,$c1911.
=300  \\$a59 p. ;$c16 cm.
=650  \0$aIrish.
=650  \0$aIrish language.
=006  m        d        
=007  cr uuu---uuuuu
=040  \\$aBXM$cBXM
=533  \\$aElectronic reproduction.$bSan Francisco, Calif. :$cOpen Content Alliance,$d2013.$nMode of access: Internet.
=776  18$cOriginal$w(Alma)99124625890001021$w(OCoLC)ocm52507233
=940  \\$aOCA
=856  40$uhttp://www.archive.org/details/irishvindicatorb00odal

