=LDR  01030nam a2200313Ki 4500
=008  130515s1918\\\\ie\\\\\\o\\\\\000\1\iri\d
=090  \\$aPB1399.O4$bS41918eb
=100  1\$aO Conaire, Padraic,$d1883-1928.
=245  10$aSeaċt mbuaiḋ an eirġe-amaċ$h[electronic resource] /$cPádraic Ó Conaire.
=246  3\$aSeacht mbuaidh an eirghe-amach
=250  \\$a[1st ed.]
=260  \\$aBaile Áṫa Cliaṫ :$bMaunsel agus a Ċoṁ.,$c1918.
=300  \\$a212 p. ;$c19 cm.
=500  \\$aShort stories.
=505  0\$aCeóltóirí.--Díoġaltas.--Beirt ḃan misneaṁail.--Anam an easbuic.--Bé an tsiopa seandaċta.--Rún an ḟir ṁóir.--M'ḟile caol duḃ.
=006  m        d        
=007  cr uuu---uuuuu
=040  \\$aBXM$cBXM
=533  \\$aElectronic reproduction.$bSan Francisco, Calif. :$cOpen Content Alliance,$d2013.$nMode of access: Internet.
=776  18$cOriginal$w(Alma)99125254290001021$w(OCoLC)ocm06037740
=940  \\$aOCA

