=LDR  01128nam a2200301Ki 4500
=008  130515s1914\\\\ie\\\\\\o\\\\\000\1\iri\d
=090  \\$aPB1399.O4$bC43 1914eb
=100  1\$aO Conaire, Padraic,$d1883-1928.
=240  10$aCheád chloch
=245  14$aAn ċeád ċloċ$h[electronic resource] :$bsgéalta /$cPádraic Ó Conaire do sgrióḃ.
=260  \\$aI mBaile Áṫa Cliaṫ :$bClodanna teo., ar n-a ċur amaċ do Ċonnraḋ na Gaeḋilge,$c1914.
=300  \\$a101 p. ;$c19 cm.
=500  \\$aShort stories.
=505  0\$aAn ċéad ċloċ.--An ċoiṁṫiġeaċ a raiḃ aġaiḋ an ḃáis air.--Teatrarc na gaililí.--Baintreaḃaċ an ḟíona agus a mac.--Aba-cána-lú!--Cleaṁnas san oirṫear.--Díoġaltas na mban.--Ná leig sinn i gCaṫuġaḋ.
=006  m        d        
=007  cr uuu---uuuuu
=040  \\$aBXM$cBXM
=533  \\$aElectronic reproduction.$bSan Francisco, Calif. :$cOpen Content Alliance,$d2013.$nMode of access: Internet.
=776  18$cOriginal$w(Alma)99125254670001021$w(OCoLC)ocm06024355
=940  \\$aOCA

