=LDR  01073nam a2200301Ki 4500
=008  130515s1899\\\\enk\\\\\o\\\\\000\0\gle\\
=041  0\$agleeng
=090   \$aPB1347$b.I7 vol. 1 1899eb
=130  0\$aGiolla an fhiugha.
=245  10$aGiolla an ḟiuġa, or, The lad of the ferule. Eaċtra cloinne riġ na n-Ioruaiḋe; or, Adventures of the children of the king of Norway$h[electronic resource] /$cEd., with translation, notes and glossary, by Douglas Hyde.
=260  \\$aLondon :$bPublished for the Irish Texts Society, by D. Nutt,$c1899.
=300  \\$avii, 208 p. ;$c23 cm.
=490  1\$aIrish Texts Society ;$vvol. 1
=700  1\$aHyde, Douglas,$d1860-1949$eeditor.
=740  01$aEachtra cloinne righ na h-Ioruaidhe.
=830  \0$aIrish Texts Society (Series) ;$vvol. 1.
=006  m        d        
=007  cr uuu---uuuuu
=040  \\$aBXM$cBXM
=533  \\$aElectronic reproduction.$bSan Francisco, Calif. :$cOpen Content Alliance,$d2013.$nMode of access: Internet.
=776  18$cOriginal$w(Alma)99125257560001021$w(OCoLC)ocm05703361
=940  \\$aOCA

