=LDR  01239nam a2200361Ki 4500
=008  130515c19011902xx\\\\\\o\\\\\001\0\glem\
=041  0\$agleeng
=090  \\$aPB1223$b.O477 1902eb
=100  1\$aO'Growney, Eugene,$d1863-1899.
=245  10$aRevised simple lessons in Irish$h[electronic resource] :$bgiving the pronunciation of each word /$cby Eugene O'Growney. With appendix containing a complete and exhaustive glossary of every Irish word used in the text. pt. I
=250  \\$a[1st American ed.]
=260  \\$aNew York :$bThe Gael publishing company,$c1902 [1901]
=300  \\$avi, 90 p. :$bfront. (port.) ;$c19 cm.
=500  \\$aIncludes index.
=546  \\$aLessons in Irish with explanatory material in English.
=650  \0$aIrish language$xGrammar.
=650  \0$aIrish language$vComposition and exercises.
=006  m        d        
=007  cr uuu---uuuuu
=040  \\$aBXM$cBXM
=533  \\$aElectronic reproduction.$bSan Francisco, Calif. :$cOpen Content Alliance,$d2013.$nMode of access: Internet.
=776  18$cOriginal$w(Alma)99125261140001021$w(OCoLC)ocm06782152
=940  \\$aOCA
=856  40$uhttp://www.archive.org/details/revisedsimpleles00ogro

