=LDR  01137nam a2200325Ki 4500
=008  130515s1915\\\\ie\\\\\\o\\\\\000\0\iri\d
=041  0\$airieng
=090  \\$aPB1399.M8$bB3 1915eb
=100  1\$aÓ Murchadha, Domhnall.
=245  10$aBeirt Ġaeḋilgeoirí 'na gcoṁnaiḋe 'sa ċaṫair$h[electronic resource] /$cDoṁnall Ó Murċaḋa ("Doṁnall na Gréine") ó Ḋairḃre do sgríoḃ ; Seosaṁ Laoide do ċuir i n-eagar.
=246  3\$aBeirt Ghaedhilgeoirí 'na gcomhnaidhe 'sa chathair
=260  \\$aI mBaile Áṫa Cliaṫ :$bClóḋanna, ar n-a ċur amaċ do Ċonnraḋ na Gaeḋilge,$c1915.
=300  \\$aviii, 91 p. ;$c19 cm.
=650  \0$aIrish language$vConversation and phrase books.
=700  1\$aLaoide, Seosamh,$dd. 1939.
=006  m        d        
=007  cr uuu---uuuuu
=040  \\$aBXM$cBXM
=533  \\$aElectronic reproduction.$bSan Francisco, Calif. :$cOpen Content Alliance,$d2013.$nMode of access: Internet.
=776  18$cOriginal$w(Alma)99125264490001021$w(OCoLC)ocm06961613
=940  \\$aOCA

