=LDR  01080nam a2200325Ki 4500
=008  130515s1787\\\\sc\\\\\\o\\\\\000\0\eng\\
=090   \$aPB1648$b.S6 1787eb
=090  \\$aPB1397.F4$bS5 1787eb
=100  1\$aSmith, John,$d1747-1807.
=245  10$aSean dana$h[electronic resource] :$ble Oisian, Orran, Ulann, &c /$cAncient poems of Ossian, Orran, Ullin, &c. Collected in the western Highlands and isles; being the originals of the translations some time ago published in the Gaelic antiquities. By John Smith, D. D.
=260  \\$aEdinburgh :$bC. Elliot; [etc., etc.],$c1787.
=300  \\$avi, 348 p. ;$c21 cm.
=600  00$aOssian.
=650  \0$aScottish Gaelic poetry.
=006  m        d        
=007  cr uuu---uuuuu
=040  \\$aBXM$cBXM
=533  \\$aElectronic reproduction.$bSan Francisco, Calif. :$cOpen Content Alliance,$d2013.$nMode of access: Internet.
=776  18$cOriginal$w(Alma)99125264620001021$w(OCoLC)ocm04629965
=940  \\$aOCA

