=LDR  01180nam a2200361Ki 4500
=008  130515s1911\\\\ie\\\\\\o\\\\\001\p\gle\\
=041  0\$agleeng
=090   \$aPB1397.F4$b05 1911eb
=090  \\$aPB1397.F4$bL43 1911eb
=245  00$aLeabar na laoiṫeaḋ$h[electronic resource] :$ba collection of Ossianic poems /$cedited with notes, introduction, and a full vocabulary for the use of intermediate students by J.J. O'Kelly.
=246  3\$aLeabhar na laoitheadh
=260  \\$aDublin :$bGill,$c1911.
=300  \\$alxii, 150 p. ;$c19 cm.
=500  \\$aPartly from the volumes of the Ossianic Society.
=546  \\$aPoems in Irish with explanatory material in English.
=600  00$aOssian,$d3rd cent.$vPoetry.
=700  1\$aUa Ceallaigh, Sean,$d1872-1957.
=006  m        d        
=007  cr uuu---uuuuu
=040  \\$aBXM$cBXM
=533  \\$aElectronic reproduction.$bSan Francisco, Calif. :$cOpen Content Alliance,$d2013.$nMode of access: Internet.
=776  18$cOriginal$w(Alma)99125264730001021$w(OCoLC)ocm04083264
=940  \\$aOCA

