=LDR  00835nam a2200277Ki 4500
=008  130515s1902\\\\ie\a\\\\o\\\\\000\0\iri\d
=090  \\$aPB1396.K45$b.D5 1902eb
=100  1\$aDinneen, Patrick S.$q(Patrick Stephen),$d1860-1934.
=245  10$aCill Áirne$h[electronic resource] :$btrácht ar spéar-radharcaibh Locha Léin agus ná tire 'na thimhcheall.
=260  \\$aBaile Átha Cliath :$bna Gaedhilge,$c1902.
=300  \\$a89 p. :$billus. ;$c19 cm.
=006  m        d        
=007  cr uuu---uuuuu
=040  \\$aBXM$cBXM
=533  \\$aElectronic reproduction.$bSan Francisco, Calif. :$cOpen Content Alliance,$d2013.$nMode of access: Internet.
=776  18$cOriginal$w(Alma)99125264790001021$w(OCoLC)ocm11279831
=940  \\$aOCA

