=LDR  00918nam a2200313Ki 4500
=008  130515s1914\\\\ie\\\\\\o\\\\\000\0diri\d
=041  0\$airieng
=090  \\$aPB1395.M3$bL2 1914eb
=245  00$aDuanaire na Miḋe$h[electronic resource] /$cSeosaṁ Laoide do ċuir le ċéile.
=246  3\$aDuanaire na Midhe
=260  \\$aI mBaile Áṫa Cliaṫ :$bClóḋanna, ar n-a ċur amaċ do Ċonnraḋ na Gaeḋilge,$c1914.
=300  \\$avi, 148 p. ;$c19 cm.
=650  \0$aBallads, Irish.
=700  1\$aLaoide, Seosamh,$dd. 1939.
=006  m        d        
=007  cr uuu---uuuuu
=040  \\$aBXM$cBXM
=533  \\$aElectronic reproduction.$bSan Francisco, Calif. :$cOpen Content Alliance,$d2013.$nMode of access: Internet.
=776  18$cOriginal$w(Alma)99125264890001021$w(OCoLC)ocm06902354
=940  \\$aOCA

