=LDR  01541nam a2200349Ki 4500
=008  130515s1915\\\\ie\\\\\\o\\\\\001\0\gle\d
=041  0\$agleeng
=090  \\$aPB1383$b.M61 1915eb
=110  2\$aSt. Patrick's College (Maynooth, Ireland).$bColumban League.
=245  10$aGadaiḋe géar na geaṁ-oiḋċe$h[electronic resource] :$bi n-a ḃfuilid suim ṁór d'eaċtraiḃ & d'imṫeaċtaiḃ Finn & na Féinne go foir-leaṫan & do sgéaltaiḃ eile naċ iad /$cTriúr cóṁḋalta do Ċuallaċt Ċuilm Cille do ṡoláṫruiġ.
=246  3\$aGadaidhe géar na geamh-oidhche
=260  \\$aI mBaile Áṫa Cliaṫ :$bDollard,$c1915.
=300  \\$aviii, 203 p. ;$c20 cm.
=500  \\$aNo more published?
=505  0\$av. 1. Bruiġean ḃeag na h-Alṁaine -- Tóruiġeaċt Ṡaiḋḃe, inġine Eóġain Óig -- Eaċtra lollainn Iolċroṫaiġ, mac Ríoġ na h-Easpáine -- Bruiġean Ċéise Corainn -- Diṫreaċ Ġlinn an Ṗeice -- Ceisneaṁ Inġine Guil -- Eaċtra Léiṫín.
=546  \\$aText in Irish ; preface and explanatory material in English.
=600  00$aFinn MacCumhaill,$d3rd cent.
=700  1\$aÓ Gallchobhair, Tomás,$db. 1894.
=700  1\$aUa Cuain, Pádraig.
=700  1\$aMac Giolla-Fhionnáin, Tadgh.
=006  m        d        
=007  cr uuu---uuuuu
=040  \\$aBXM$cBXM
=533  \\$aElectronic reproduction.$bSan Francisco, Calif. :$cOpen Content Alliance,$d2013.$nMode of access: Internet.
=776  18$cOriginal$w(Alma)99125265220001021$w(OCoLC)ocm05699439
=940  \\$aOCA

