=LDR  01051nam a2200337Ki 4500
=008  130515s1899\\\\ie\\\\\\oi\\\\001\0\iri\d
=041  0\$airieng
=090  \\$aPB1266$b.H71 1899eb
=100  1\$aHogan, Edmund Ignatius,$d1831-1917.
=245  10$aIrish phrase book, illustrating the various meanings and uses of verbs and prepositions combined$h[electronic resource] /$cby Edmund Hogan.
=260  \\$aDublin :$bSullivan, Brothers (A. Thom and Co. Limited),$c1899.
=300  \\$a144 p. ;$c18 cm.
=500  \\$aIncludes indexes.
=650  \0$aIrish language$xVerb.
=650  \0$aIrish language$xTerms and phrases.
=650  \0$aIrish language$xPrepositions.
=006  m        d        
=007  cr uuu---uuuuu
=040  \\$aBXM$cBXM
=533  \\$aElectronic reproduction.$bSan Francisco, Calif. :$cOpen Content Alliance,$d2013.$nMode of access: Internet.
=776  18$cOriginal$w(Alma)99125265250001021$w(OCoLC)ocm03889646
=940  \\$aOCA
=856  40$uhttp://www.archive.org/details/irishphrasebooki00hoga

