=LDR  01230nam a2200361Ki 4500
=008  130515s1921\\\\ie\\\\\\o\\\\\001\0\iri\\
=041  0\$airieng
=090   \$aPN6287.I7$bO7 1921eb
=090  \\$aPB1360$b.R144 1921eb
=100  1\$aO'Rahilly, Thomas Francis.
=245  10$aDánfhocail$h[electronic resource] :$bIrish epigrams in verse /$ccollected and edited by Thomas F. O'Rahilly.
=260  \\$aDublin :$bThe Talbot Press limited,$c1921.
=300  \\$a114, [1] p. ;$c18 cm.
=500  \\$a"The bulk of the collection has been drawn from mss. in the Royal Irish academy ... also ... mss. in Trinity college, in the National library, in Maynooth college, and in University college, Dublin."--Notes.
=500  \\$a"Glossary": p. 101-111.
=650  \0$aEpigrams, Irish.
=650  \0$aIrish poetry.
=006  m        d        
=007  cr uuu---uuuuu
=040  \\$aBXM$cBXM
=533  \\$aElectronic reproduction.$bSan Francisco, Calif. :$cOpen Content Alliance,$d2013.$nMode of access: Internet.
=776  18$cOriginal$w(Alma)99125270940001021$w(OCoLC)ocm04880549
=940  \\$aOCA

