=LDR  01194nam a2200349Ki 4500
=008  130515s1883\\\\enk\\\\\o\\\\\001\0\iri\\
=090   \$aAC9$b.A6 4th ser., pt.3 1883eb
=090  \\$aPB1359$b.S27 1883eb
=130  0\$aSaltair na rann.
=245  14$aThe Saltair na rann$h[electronic resource] :$ba collection of early Middle Irish poems /$ced. from ms. Rawl. B. 502, in the Bodleian library by Whitley Stokes.
=260  \\$aOxford :$bClarendon press,$c1883.
=300  \\$avi, 155 p. ;$c23 cm.
=440  \0$aAnecdota oxoniensia.$pMediaeval and modern series ;$vvol. I, pt. III
=500  \\$a"The Saltair ... is attributed to Oengus the Culdee ... this attribution is erroneous." - Pref.
=650  \0$aIrish poetry.
=710  2\$aBodleian Library.$kManuscript.$nRawlinson B 502.
=006  m        d        
=007  cr uuu---uuuuu
=040  \\$aBXM$cBXM
=533  \\$aElectronic reproduction.$bSan Francisco, Calif. :$cOpen Content Alliance,$d2013.$nMode of access: Internet.
=776  18$cOriginal$w(Alma)99125271150001021$w(OCoLC)ocm03785044
=940  \\$aOCA

