=LDR  00959nam a2200325Ki 4500
=008  130515s1910\\\\ie\\\\\jo\\\\\000\m\gle\d
=041  0\$agleeng
=090  \\$aPB1359$b.D84 1910eb
=245  00$aDuanaire na macaoṁ$h[electronic resource] :$ba selection of Irish poetry for schools and colleges /$cedited by Tomás Ó Flannghaile.
=246  3\$aDuanaire na macaomh
=260  \\$aDublin :$bM. H. Gill,$c1910.
=300  \\$aviii, 267 p. ;$c19 cm.
=546  \\$aText in Irish and English.
=650  \0$aIrish poetry.
=700  1\$aFlannery, Thomas,$d1846-1916.
=006  m        d        
=007  cr uuu---uuuuu
=040  \\$aBXM$cBXM
=533  \\$aElectronic reproduction.$bSan Francisco, Calif. :$cOpen Content Alliance,$d2013.$nMode of access: Internet.
=776  18$cOriginal$w(Alma)99125272090001021$w(OCoLC)ocm05591695
=940  \\$aOCA

