=LDR  01261nam a2200337Ki 4500
=008  130515s1917\\\\ie\\\\\\o\\\\\000\0dgle\\
=041  0\$agleeng
=043  \\$ae-ie---$ae-uk-ni
=090   \$aPB1414$b.M43 1917eb
=090  \\$aPB1399.D5$bM2 1917eb
=110  2\$aMaguire of Fermanagh family.
=245  14$aMé Guiḋir Ḟearmanaċ$h[electronic resource] :$bThe Maguires of Fermanagh .i. Maġnus agus Giolla Íosa, "ḋá ṁac Ḋuinn Ṁóir mic Raġnaill": iar n-a ċur i n-eagar maille le díonḃrollaċ, gluair, aistriuġaḋ, flaiṫṡeanċur, dinnṡeanċur, &c. leis an Aṫair Pádraig Ua Duinnín.
=260  \\$aBaile Áṫa Cliaṫ :$bM.H. Gill,$c1917.
=300  \\$a140 p. ;$c19 cm.
=610  20$aMaguire of Fermanagh family.
=651  \0$aFermanagh (Northern Ireland)$xHistory.
=700  1\$aDinneen, Patrick S.$q(Patrick Stephen),$d1860-1934$eeditor and translator.
=740  01$aMaguires of Fermanagh.
=740  01$aMe Guidhir Fearmanach.
=006  m        d        
=007  cr uuu---uuuuu
=040  \\$aBXM$cBXM
=533  \\$aElectronic reproduction.$bSan Francisco, Calif. :$cOpen Content Alliance,$d2013.$nMode of access: Internet.
=776  18$cOriginal$w(Alma)99125273960001021$w(OCoLC)ocm05164698
=940  \\$aOCA

