=LDR  01516nam a2200349Ki 4500
=008  130515s1871\\\\ie\\\\\\o\\\\\000\0\eng\\
=041  0\$aengiri
=090   \$aPB1397$b.A5 1871eb
=130  0\$aAmra Choluimb Chille.
=245  14$aThe Amra Choluim Chilli of Dallan Forgaill$h[electronic resource] :$bnow printed for the first time from the original Irish in Lebor na hUidre, a ms. in the library of the Royal Irish Academy; with a literal translation and notes, a grammatical analysis of the text, and copious indexes /$cby J. O'Beirne Crowe.
=260  \\$aDublin :$bMcGlashan and Gill,$c1871.
=300  \\$avii, 76 p. ;$c25 cm.
=500  \\$aIrish text and English translation on facing pages; introd. in English.
=500  \\$aCommonly attributed to Dallan Forgaill, a contemporary of St. Columba, but probably written in the ninth centry. cf. Whitley Stokes, Revue celtique, vol. xx, p. 32.
=500  \\$aPt. I only. Pt II, which was to contain notes, a grammatical analysis of the text, and indexes, not published.
=600  00$aColumba,$cSaint,$d521-597.
=700  0\$aDallan Forgaill,$cSaint,$d6th cent.
=700  1\$aCrowe, John O'Beirne,$eed.
=006  m        d        
=007  cr uuu---uuuuu
=040  \\$aBXM$cBXM
=533  \\$aElectronic reproduction.$bSan Francisco, Calif. :$cOpen Content Alliance,$d2013.$nMode of access: Internet.
=776  18$cOriginal$w(Alma)9999289810001021$w(OCoLC)ocm04406282
=940  \\$aOCA

