=LDR  00806nam a2200289Ki 4500
=008  130515m19201921ie\\\\\\o\\\\\000\0\eng\d
=090  \\$aPB1223$b.N7 1920eb
=100  1\$aO'Nolan, Gerald.
=245  10$aStudies in modern Irish$h[electronic resource] /$cGerald O'Nolan.
=260  \\$aDublin :$bEducational Company of Ireland,$c1920-21.
=300  \\$a2 v. ;$c18 cm.
=650  \0$aIrish language$xStudy and teaching.
=006  m        d        
=007  cr uuu---uuuuu
=040  \\$aBXM$cBXM
=533  \\$aElectronic reproduction.$bSan Francisco, Calif. :$cOpen Content Alliance,$d2013.$nMode of access: Internet.
=776  18$cOriginal$w(Alma)9999377690001021$w(OCoLC)ocm10926799
=940  \\$aOCA
=856  40$3pt.1$uhttp://www.archive.org/details/studiesinmoderni01onol
=856  40$3pt.2$uhttp://www.archive.org/details/studiesinmoderni02onol

