=LDR  00977nam a2200325Ki 4500
=008  130515s1904\\\\ie\\\\\\o\\\\\000\1\gle\d
=041  0\$airieng
=082  04$a891.6208$bCELE/1
=090  \\$aPB1225$b.B35 1904eb
=100  1\$aÓ Dubhghaill, Séamus,$d1855-1929.
=245  10$aPrátaí Ṁíċíl Ṫaiḋg$h[electronic resource] /$có Ṡéamus Ua Duḃġaill.
=246  3\$aPratai Michil Thaidhg
=260  \\$aDublin :$bFallon & Co.,$c1904.
=300  \\$a19 p. ;$c18 cm.
=500  \\$a"An Claiḋeaṁ Soluis", Aiḃreán 9 -- Bealtaine 7,1904"--t.p.
=500  \\$aIncludes vocabulary.
=500  \\$aOn cover: 1905
=650  \0$aIrish language$vReaders.
=740  0\$aPrátaí Mhíchil Thaidhg.
=006  m        d        
=007  cr uuu---uuuuu
=040  \\$aBXM$cBXM
=533  \\$aElectronic reproduction.$bSan Francisco, Calif. :$cOpen Content Alliance,$d2013.$nMode of access: Internet.
=776  18$cOriginal$w(Alma)9999790740001021$w(OCoLC)ocm21471685
=940  \\$aOCA
=856  40$uhttp://www.archive.org/details/prtalaig00dubh

