=LDR  00929nam a2200289Ki 4500
=008  130515s1917\\\\nyu\\\\\od\\\\000\0\eng\d
=041  0\$aengiri
=090   4$aPB1291$b.L3 1917eb
=100  1\$aLane, T. O'Neill$q(Timothy O'Neill),$d1852-1915.
=245  10$aLarger English-Irish dictionary$h[electronic resource] /$cby T. O'Neill Lane.
=250  \\$aNew ed.,$bThoroughly rev. and greatly enl.
=260  \\$aNew York :$bFunk & Wagnalls,$c1917.
=300  \\$axiv, 1748, 15 p. ;$c23 cm.
=504  \\$aIncludes bibliographical references (p. xiii-xiv).
=650  \0$aEnglish language$vDictionaries$xIrish.
=650  \0$aIrish language$vDictionaries$xEnglish.
=006  m        d        
=007  cr uuu---uuuuu
=040  \\$aBXM$cBXM
=533  \\$aElectronic reproduction.$bSan Francisco, Calif. :$cOpen Content Alliance,$d2013.$nMode of access: Internet.
=776  18$cOriginal$w(Alma)9999799700001021$w(OCoLC)ocm04313291
=940  \\$aOCA
=856  40$uhttp://www.archive.org/details/largerenglishiri00lane

