=LDR  00889nam a2200301Ki 4500
=008  130515s1918\\\\vp\\\\\\o\\\\\000\0\eng\\
=090   \$aPR6031.E2$bP6 1918eb
=090  \\$aPB1399.P3$bP7 1918eb
=100  1\$aPearse, Padraic,$d1879-1916.
=245  10$aPoems$h[electronic resource] /$cby P.H. Pearse.
=260  \\$aDublin and London :$bMaunsel & co., ltd.,$c1918.
=300  \\$a[307]-341, ;$c17 cm.
=500  \\$aReprinted from the author's "Collected works ... 1917," retaining the original paging.
=006  m        d        
=007  cr uuu---uuuuu
=040  \\$aBXM$cBXM
=533  \\$aElectronic reproduction.$bSan Francisco, Calif. :$cOpen Content Alliance,$d2013.$nMode of access: Internet.
=776  18$cOriginal$w(Alma)9999954550001021$w(OCoLC)ocm01850768
=940  \\$aOCA

