=LDR  00862nam a2200289Ki 4500
=008  130515s1858\\\\stk\\\\\o\\\\\000\0\gae\d
=041  0\$agaeeng
=090  \\$aPB1399$b.L78 1858eb
=100  1\$aLivingston, William,$d1808-1870.
=245  10$aDuain ghaelic$h[electronic resource] :$bwith a brief sketch proving the authenticity of Ossian's poems /$cle Uilleam Mac Dhun-leibhe.
=260  \\$aEdinburgh :$bMaclachlan & Stewart,$c1858.
=300  \\$a191 p. ;$c17 cm.
=600  00$aOssian$vPoetry.
=006  m        d        
=007  cr uuu---uuuuu
=040  \\$aBXM$cBXM
=533  \\$aElectronic reproduction.$bSan Francisco, Calif. :$cOpen Content Alliance,$d2013.$nMode of access: Internet.
=776  18$cOriginal$w(Alma)9999955220001021$w(OCoLC)ocm04240262
=940  \\$aOCA

