=LDR  01513nam a2200337Ki 4500
=008  130515m19051906enk\\\\\o\\\\\000\0\eng\\
=090   \$aPB1421$b.L4 1905eb
=100  1\$aLeahy, Arthur Herbert,$d1857-1928.
=245  10$aHeroic romances of Ireland;$h[electronic resource] /$ctr. into English prose and verse, with preface, special introductions and notes by A. H. Leahy.
=260  \\$aLondon :$bD. Nutt,$c1905-06.
=300  \\$a2 v. ;$c22 cm.
=490  0\$aIrish saga library, no. 2
=505  0\$aThe courtship of Etain. MacDatho's boar. The sickbed of Cuchulain. The exile of the sons of Usnach. The combat at the ford. Special note on The combat at the ford. General notes.--v. 2. The preludes to The raid of Cualgne: Tain bo Fraich. The raid for Dartaid's cattle. The raid for the cattle of Regamon. The driving of the cattle of Flidais. The apparition of the great queen to Cuchulain. Appendix: Irish text and literal translation of part of The courtship of Etain.
=650  \0$aEpic literature, Irish.
=006  m        d        
=007  cr uuu---uuuuu
=040  \\$aBXM$cBXM
=533  \\$aElectronic reproduction.$bSan Francisco, Calif. :$cOpen Content Alliance,$d2013.$nMode of access: Internet.
=776  18$cOriginal$w(Alma)9999964180001021$w(OCoLC)ocm00698098
=940  \\$aOCA

