=LDR  00805nam a2200265Ki 4500
=008  130515s1919\\\\xx\\\\\\o\\\\\000\0\eng\\
=041  1\$aeng$hgle
=090   0$aPB1421$b.G74 1919eb
=100  1\$aGregory, Isabella Augusta Persse,$cLady,$d1859-1932,$etr.
=245  14$aThe Kiltartan poetry book$h[electronic resource].
=260  \\$aNew York and London :$bG.P. Putnam,$c1919.
=300  \\$a112 p. ;$c19 cm.
=650  \0$aIrish literature$vTranslations into English$xTranslations into English.
=006  m        d        
=007  cr uuu---uuuuu
=040  \\$aBXM$cBXM
=533  \\$aElectronic reproduction.$bSan Francisco, Calif. :$cOpen Content Alliance,$d2013.$nMode of access: Internet.
=776  18$cOriginal$w(Alma)9999967520001021$w(OCoLC)ocm00480936
=940  \\$aOCA

