=LDR  00972nam a2200301Ki 4500
=008  130515s1893\\\\xx\\\\\\o\\\\\000\0\eng\d
=090  \\$aPB1421$b.G73 1893eb
=100  1\$aO'Grady, Standish,$d1846-1928.
=245  14$aThe bog of stars$h[electronic resource] :$band other stories and sketches of Elizabethan Ireland /$cby Standish O'Grady.
=260  \\$aLondon :$bT. Fisher Unwin ;$aDublin :$bSealy, Bryers & Walker ;$bNew York :$bP. J. Kennedy,$c1893.
=300  \\$a179 p. ;$c17 cm.
=490  0\$aThe New Irish Library
=504  \\$aIncludes bibliographical references.
=650  \0$aTales$zIreland.
=006  m        d        
=007  cr uuu---uuuuu
=040  \\$aBXM$cBXM
=533  \\$aElectronic reproduction.$bSan Francisco, Calif. :$cOpen Content Alliance,$d2013.$nMode of access: Internet.
=776  18$cOriginal$w(Alma)9999967590001021$w(OCoLC)ocm01884871
=940  \\$aOCA

