=LDR  01004nam a2200337Ki 4500
=008  130515s1911\\\\enk\\\\\o\\\\\000\1\eng\\
=041  1\$airieng
=090   \$aPB1424$b.M4 1911eb
=090  \\$aPB1423$b.M5 1911eb
=100  1\$aMeyer, Kuno,$d1858-1919$ecomp. and tr.
=245  10$aSelections from ancient Irish poetry$h[electronic resource] /$ctr. by Kuno Meyer.
=250  \\$a2d impression.
=260  \\$aLondon :$bConstable & company ltd.,$c1911.
=300  \\$axvi, 114 p. ;$c20 cm.
=650  \0$aIrish literature$vTranslations into English$xTranslations into English.
=650  \0$aEnglish literature.
=006  m        d        
=007  cr uuu---uuuuu
=040  \\$aBXM$cBXM
=533  \\$aElectronic reproduction.$bSan Francisco, Calif. :$cOpen Content Alliance,$d2013.$nMode of access: Internet.
=776  18$cOriginal$w(Alma)9999983610001021$w(OCoLC)ocm03621814
=940  \\$aOCA

